[{
  "_id": {
    "$oid": "66bef411a9267700a3bd018c"
  },
  "unique_id": 1241229,
  "competitor_name": "fressnapf",
  "product_name": "GOURMET Crystal Soup 32x40g Huhn",
  "brand": "GOURMET",
  "regular_price": 23.99,
  "selling_price": 23.99,
  "price_per_unit": "€18.74/kg",
  "currency": "EUR",
  "breadcrumb": "Heimat > Katze > Katzenfutter > Nassfutter > GOURMET Crystal Soup 32x40g Huhn",
  "pdp_url": "https://www.fressnapf.at/p/gourmet-crystal-soup-32x40g-huhn-1241229/",
  "product_description": "GOURMET\nArt.Nr.: 1241229\nGourmet Crystal Soup regt die Sinne Ihrer Katze an – mit hochwertigen Zutaten in einer raffinierten Brühe.\nGourmet Crystal Soup bietet eine Vielzahl köstlicher Brühen für ein einzigartiges Genusserlebnis, das Ihre Katze lieben wird.\nVoller naturbelassener Zutaten, wie echte erkennbare Stückchen aus Huhn, Fisch oder Meeresfrüchten, ist Gourmet Crystal Soup ein köstliches Geschmackserlebnis, das Ihre Katze genüsslich schnurren lässt. Serviert in einer köstlichen Brühe.\nDie Vorteile im Überblick:\nErgänzungsfutter\nAus hochwertigen Zutaten hergestellt\nBrühen in vielen delikaten Geschmacksrichtungen\nIm praktischen Frischebeutel immer frisch servierbar\nErgänzungsfuttermittel für ausgewachsene Katzen. Weitere Informationen erhalten Sie hier: www.purina.de\nInverkehrbringer\nNestlé Purina Petcare Deutschland GmbH, Albert-Latz-Str. 6, 53879 Euskirchen",
  "rating": 4.63,
  "review": 2921,
  "distributor_address": "Nestlé Purina Petcare Deutschland GmbH, Albert-Latz-Str. 6, 53879 Euskirchen",
  "ingredients": "Analytische Bestandteile Protein 10%, Fettgehalt 0,1%, Rohasche 0,8%, Rohfaser 0,01%. Zusammensetzung Fleisch und tierische Nebenerzeugnisse (20% naturbelassenes Huhn), Fisch und Fischnebenerzeugnisse, pflanzliche Nebenerzeugnisse, Öle und Fette, Zucker. Feuchtegehalt 88% Zusatzstoffe pro kg Laut Hersteller sind keine Zusatzstoffe enthalten.",
  "instock": true,
  "retail_limit": "10x"
},
{
  "_id": {
    "$oid": "66bef411a9267700a3bd018d"
  },
  "unique_id": 1241904,
  "competitor_name": "fressnapf",
  "product_name": "Biokat's Diamond Care fresh 10 l",
  "brand": "Biokat's",
  "regular_price": 9.99,
  "selling_price": 9.99,
  "price_per_unit": "€1.00/l",
  "currency": "EUR",
  "breadcrumb": "Heimat > Katze > Hygiene & Pflege > Katzenstreu > Biokat's Diamond Care fresh 10 l",
  "pdp_url": "https://www.fressnapf.at/p/biokats-diamond-care-fresh-10-l-1241904/",
  "product_description": "Biokat's\nArt.Nr.: 1241904\nFeine Katzenstreu mit Babypuderduft mit einem Booster für hochwirksame Geruchsbindung & Saugfähigkeit.\nDas Biokat's Diamond Care fresh besitzt eine hochwirksame Geruchbindung und Saugfähigkeit.\nAktivkohle als Geruchsbindungsmittel\nDie Aktivkohle ist ein hochporöser Kohlenstoffkörper mit einer großen inneren Oberfläche. Der Ursprung dieser Aktivkohle sind Kokosnussschalen und ein nachwachsender Rohstoff. Durch die ‚van-der-Waals‘schen Kräfte‘ werden Geruchsstoffe an der Aktivkohle rein physikalisch gebunden. Aktivkohle dient schon sehr lange als Geruchsfilter, z. B. in Küchen in Abzugshauben oder Kühlschränken. Aber auch in Schuheinlagen oder bei Filteranlagen für den KFZ-Innenraum. Klimageräte funktionieren ebenfalls mit einer Aktivkohlestufe, um Außengerüche (Abgase, Schwefeldioxid etc.) aus der Zuluft zu entfernen.\nAloe Vera als sanfte Pflege\nAloe Vera, die im Diamond Care eingesetzt wird und fü eine sanfte Pflege sorgt wird ausschließlich\naus den Blättern der Aloe barbadensis Miller gewonnen. Direkt nach der Ernte gelangen die reifen Aloe Vera Blätter von den Plantagen in die Manufaktur, so dass die wertvollen Bestandteile des Rohstoffes voll erhalten bleiben. In der Manufaktur werden die Aloe Vera Blätter mit Wasser gewaschen und anschließend per Hand geschält. Die Blattfilets werden im weiteren Verlauf zu Aloe Vera Gel sowie Flüssig- und Pulverkonzentrat verarbeitet. Für Diamond Care wird die Aloe als Flüssigkonzentrat eingesetzt, es wird aufgesprüht. Somit erhalten alle Körner des Streu's automatisch eine „Pflege-Dusche“. Aloe Vera ist bekannt für ihre Pflege-Wirkung. Katzen haben sensible Pfötchen. Tierärzte raten dazu sie mit speziellen Produkten gut zu pflegen, um sie so zu schützen.\nInverkehrbringer\nH. von Gimborn GmbH, Albert-Einstein-Str. 6, 46446 Emmerich am Rhein",
  "rating": 4.6,
  "review": 398,
  "distributor_address": "H. von Gimborn GmbH, Albert-Einstein-Str. 6, 46446 Emmerich am Rhein",
  "instock": true,
  "retail_limit": "10x"
},
{
  "_id": {
    "$oid": "66bef411a9267700a3bd018e"
  },
  "unique_id": 1241925,
  "competitor_name": "fressnapf",
  "product_name": "Biokat's Diamond Care fresh 2x10 l",
  "brand": "Biokat's",
  "regular_price": 17.99,
  "selling_price": 17.99,
  "price_per_unit": "€0.90/l",
  "currency": "EUR",
  "breadcrumb": "Heimat > Katze > Hygiene & Pflege > Katzenstreu > Biokat's Diamond Care fresh 2x10 l",
  "pdp_url": "https://www.fressnapf.at/p/biokats-diamond-care-fresh-2x10-l-1241925/",
  "product_description": "Biokat's\nArt.Nr.: 1241925\nFeine Katzenstreu mit Babypuderduft mit einem Booster für hochwirksame Geruchsbindung & Saugfähigkeit.\nDas Biokat's Diamond Care fresh besitzt eine hochwirksame Geruchbindung und Saugfähigkeit.\nAktivkohle als Geruchsbindungsmittel\nDie Aktivkohle ist ein hochporöser Kohlenstoffkörper mit einer großen inneren Oberfläche. Der Ursprung dieser Aktivkohle sind Kokosnussschalen und ein nachwachsender Rohstoff. Durch die ‚van-der-Waals‘schen Kräfte‘ werden Geruchsstoffe an der Aktivkohle rein physikalisch gebunden. Aktivkohle dient schon sehr lange als Geruchsfilter, z. B. in Küchen in Abzugshauben oder Kühlschränken. Aber auch in Schuheinlagen oder bei Filteranlagen für den KFZ-Innenraum. Klimageräte funktionieren ebenfalls mit einer Aktivkohlestufe, um Außengerüche (Abgase, Schwefeldioxid etc.) aus der Zuluft zu entfernen.\nAloe Vera als sanfte Pflege\nAloe Vera, die im Diamond Care eingesetzt wird und fü eine sanfte Pflege sorgt wird ausschließlich\naus den Blättern der Aloe barbadensis Miller gewonnen. Direkt nach der Ernte gelangen die reifen Aloe Vera Blätter von den Plantagen in die Manufaktur, so dass die wertvollen Bestandteile des Rohstoffes voll erhalten bleiben. In der Manufaktur werden die Aloe Vera Blätter mit Wasser gewaschen und anschließend per Hand geschält. Die Blattfilets werden im weiteren Verlauf zu Aloe Vera Gel sowie Flüssig- und Pulverkonzentrat verarbeitet. Für Diamond Care wird die Aloe als Flüssigkonzentrat eingesetzt, es wird aufgesprüht. Somit erhalten alle Körner des Streu's automatisch eine „Pflege-Dusche“. Aloe Vera ist bekannt für ihre Pflege-Wirkung. Katzen haben sensible Pfötchen. Tierärzte raten dazu sie mit speziellen Produkten gut zu pflegen, um sie so zu schützen.\nInverkehrbringer\nH. von Gimborn GmbH, Albert-Einstein-Str. 6, 46446 Emmerich am Rhein",
  "rating": 4.6,
  "review": 398,
  "distributor_address": "H. von Gimborn GmbH, Albert-Einstein-Str. 6, 46446 Emmerich am Rhein",
  "instock": true,
  "retail_limit": "10x"
},
{
  "_id": {
    "$oid": "66bef411a9267700a3bd018f"
  },
  "unique_id": 1331742,
  "competitor_name": "fressnapf",
  "product_name": "Biokat's Diamond Care fresh 4x10 l",
  "brand": "Biokat's",
  "regular_price": 33.99,
  "selling_price": 33.99,
  "price_per_unit": "€0.85/l",
  "currency": "EUR",
  "breadcrumb": "Heimat > Katze > Hygiene & Pflege > Katzenstreu > Biokat's Diamond Care fresh 4x10 l",
  "pdp_url": "https://www.fressnapf.at/p/biokats-diamond-care-fresh-4x10-l-1331742/",
  "product_description": "Biokat's\nArt.Nr.: 1331742\nFeine Katzenstreu mit Babypuderduft mit einem Booster für hochwirksame Geruchsbindung & Saugfähigkeit.\nDas Biokat's Diamond Care fresh besitzt eine hochwirksame Geruchbindung und Saugfähigkeit.\nAktivkohle als Geruchsbindungsmittel\nDie Aktivkohle ist ein hochporöser Kohlenstoffkörper mit einer großen inneren Oberfläche. Der Ursprung dieser Aktivkohle sind Kokosnussschalen und ein nachwachsender Rohstoff. Durch die ‚van-der-Waals‘schen Kräfte‘ werden Geruchsstoffe an der Aktivkohle rein physikalisch gebunden. Aktivkohle dient schon sehr lange als Geruchsfilter, z. B. in Küchen in Abzugshauben oder Kühlschränken. Aber auch in Schuheinlagen oder bei Filteranlagen für den KFZ-Innenraum. Klimageräte funktionieren ebenfalls mit einer Aktivkohlestufe, um Außengerüche (Abgase, Schwefeldioxid etc.) aus der Zuluft zu entfernen.\nAloe Vera als sanfte Pflege\nAloe Vera, die im Diamond Care eingesetzt wird und fü eine sanfte Pflege sorgt wird ausschließlich\naus den Blättern der Aloe barbadensis Miller gewonnen. Direkt nach der Ernte gelangen die reifen Aloe Vera Blätter von den Plantagen in die Manufaktur, so dass die wertvollen Bestandteile des Rohstoffes voll erhalten bleiben. In der Manufaktur werden die Aloe Vera Blätter mit Wasser gewaschen und anschließend per Hand geschält. Die Blattfilets werden im weiteren Verlauf zu Aloe Vera Gel sowie Flüssig- und Pulverkonzentrat verarbeitet. Für Diamond Care wird die Aloe als Flüssigkonzentrat eingesetzt, es wird aufgesprüht. Somit erhalten alle Körner des Streu's automatisch eine „Pflege-Dusche“. Aloe Vera ist bekannt für ihre Pflege-Wirkung. Katzen haben sensible Pfötchen. Tierärzte raten dazu sie mit speziellen Produkten gut zu pflegen, um sie so zu schützen.\nInverkehrbringer\nH. von Gimborn GmbH, Albert-Einstein-Str. 6, 46446 Emmerich am Rhein",
  "rating": 4.6,
  "review": 398,
  "distributor_address": "H. von Gimborn GmbH, Albert-Einstein-Str. 6, 46446 Emmerich am Rhein",
  "instock": true,
  "retail_limit": "10x"
},
{
  "_id": {
    "$oid": "66bef411a9267700a3bd0190"
  },
  "unique_id": 1241959,
  "competitor_name": "fressnapf",
  "product_name": "AniOne Toilettenvorleger 37 cm. 45 cm",
  "brand": "AniOne",
  "regular_price": 8.99,
  "selling_price": 8.99,
  "currency": "EUR",
  "breadcrumb": "Heimat > Katze > Hygiene & Pflege > Toilettenzubehör > AniOne Toilettenvorleger 37 cm, 45 cm",
  "pdp_url": "https://www.fressnapf.at/p/anione-toilettenvorleger-37-cm-45-cm-1241959/",
  "product_description": "AniOne\nArt.Nr.: 1241959\nDer Toilettenvorleger von AniOne sorgt für mehr Sauberkeit rund um die Katzentoilette.\nBeim Ausstieg aus der Katzentoilette kann sich Katzenstreu zwischen den Pfoten setzen. Ihre Katze trägt dann die kleinen Körner durch die ganze Wohnung.\nAniOne bietet für jede Gelegenheit das passende Zubehör – jedes Produkt ist optimal auf die Bedürfnisse der Tiere zugeschnitten.\nDer Toilettenvorleger von AniOne befreit sanft und schonend die Pfoten von Katzenstreu und und ist somit der perfekte Pfotenabtreter. Natürlich ist der Vorleger für jede Katzentoilette geeignet und zudem rutschfest.\nErhältlich in verschiedenen Größen:\nca. 37x45cm\nca. 40x60cm\nInverkehrbringer\nMultiFit Tiernahrungs GmbH, Westpreußenstr. 32-38, 47809 Krefeld",
  "rating": 4.44,
  "review": 142,
  "distributor_address": "MultiFit Tiernahrungs GmbH, Westpreußenstr. 32-38, 47809 Krefeld",
  "instock": true,
  "retail_limit": "10x"
},
{
  "_id": {
    "$oid": "66bef411a9267700a3bd0191"
  },
  "unique_id": 1241230,
  "competitor_name": "fressnapf",
  "product_name": "GOURMET Crystal Soup 32x40g Huhn & Gemüse",
  "brand": "GOURMET",
  "regular_price": 23.99,
  "selling_price": 23.99,
  "price_per_unit": "€18.74/kg",
  "currency": "EUR",
  "breadcrumb": "Heimat > Katze > Katzenfutter > Nassfutter > GOURMET Crystal Soup 32x40g Huhn & Gemüse",
  "pdp_url": "https://www.fressnapf.at/p/gourmet-crystal-soup-32x40g-huhn--gemuese-1241230/",
  "product_description": "GOURMET\nArt.Nr.: 1241230\nGourmet Crystal Soup regt die Sinne Ihrer Katze an – mit hochwertigen Zutaten in einer raffinierten Brühe.\nGourmet Crystal Soup bietet eine Vielzahl köstlicher Brühen für ein einzigartiges Genusserlebnis, das Ihre Katze lieben wird.\nVoller naturbelassener Zutaten, wie echte erkennbare Stückchen aus Huhn, Fisch oder Meeresfrüchten, ist Gourmet Crystal Soup ein köstliches Geschmackserlebnis, das Ihre Katze genüsslich schnurren lässt. Serviert in einer köstlichen Brühe.\nDie Vorteile im Überblick:\nErgänzungsfutter\nAus hochwertigen Zutaten hergestellt\nBrühen in vielen delikaten Geschmacksrichtungen\nIm praktischen Frischebeutel immer frisch servierbar\nErgänzungsfuttermittel für ausgewachsene Katzen. Weitere Informationen erhalten Sie hier: www.purina.de\nInverkehrbringer\nNestlé Purina Petcare Deutschland GmbH, Albert-Latz-Str. 6, 53879 Euskirchen",
  "rating": 4.75,
  "review": 768,
  "distributor_address": "Nestlé Purina Petcare Deutschland GmbH, Albert-Latz-Str. 6, 53879 Euskirchen",
  "ingredients": "Analytische Bestandteile Protein 8%, Fettgehalt 0,1%, Rohasche 1,5%, Rohfaser 0,05% Zusammensetzung Fleisch und tierische Nebenerzeugnisse (25% naturbelassenes Huhn), Gemüse (1,26% getrocknetes Gemüse, entspricht 4,7% rehydriertem Gemüse), Fisch und Fischnebenerzeugnisse, pflanzliche Nebenerzeugnisse. Feuchtegehalt 88% Zusatzstoffe pro kg Technologische Zusatzstoffe, sensorische Zusatzstoffe.",
  "instock": true,
  "retail_limit": "10x"
},
{
  "_id": {
    "$oid": "66bef411a9267700a3bd0192"
  },
  "unique_id": 1241241,
  "competitor_name": "fressnapf",
  "product_name": "GOURMET Crystal Soup 32x40g Thunfisch & Garnelen",
  "brand": "GOURMET",
  "regular_price": 23.99,
  "selling_price": 23.99,
  "price_per_unit": "€18.74/kg",
  "currency": "EUR",
  "breadcrumb": "Heimat > Katze > Katzenfutter > Nassfutter > GOURMET Crystal Soup 32x40g Thunfisch & Garnelen",
  "pdp_url": "https://www.fressnapf.at/p/gourmet-crystal-soup-32x40g-thunfisch--garnelen-1241241/",
  "product_description": "GOURMET\nArt.Nr.: 1241241\nGourmet Crystal Soup regt die Sinne Ihrer Katze an – mit hochwertigen Zutaten in einer raffinierten Brühe.\nGourmet Crystal Soup bietet eine Vielzahl köstlicher Brühen für ein einzigartiges Genusserlebnis, das Ihre Katze lieben wird.\nVoller naturbelassener Zutaten, wie echte erkennbare Stückchen aus Huhn, Fisch oder Meeresfrüchten, ist Gourmet Crystal Soup ein köstliches Geschmackserlebnis, das Ihre Katze genüsslich schnurren lässt. Serviert in einer köstlichen Brühe.\nDie Vorteile im Überblick:\nErgänzungsfutter\nAus hochwertigen Zutaten hergestellt\nBrühen in vielen delikaten Geschmacksrichtungen\nIm praktischen Frischebeutel immer frisch servierbar\nErgänzungsfuttermittel für ausgewachsene Katzen. Weitere Informationen erhalten Sie hier: www.purina.de\nInverkehrbringer\nNestlé Purina Petcare Deutschland GmbH, Albert-Latz-Str. 6, 53879 Euskirchen",
  "rating": 4.64,
  "review": 2702,
  "distributor_address": "Nestlé Purina Petcare Deutschland GmbH, Albert-Latz-Str. 6, 53879 Euskirchen",
  "ingredients": "Analytische Bestandteile Protein 9%, Fettgehalt 0,1%, Rohasche 1%, Rohfaser 0,01%. Zusammensetzung Fisch und Fischnebenerzeugnisse (davon 20% naturbelassene Thunfischfilets), Weich- und Krustentiere (4% Garnelen), pflanzliche Nebenerzeugnisse. Feuchtegehalt 88% Zusatzstoffe pro kg Laut Hersteller sind keine Zusatzstoffe enthalten.",
  "instock": true,
  "retail_limit": "10x"
},
{
  "_id": {
    "$oid": "66bef411a9267700a3bd0193"
  },
  "unique_id": 1083996002,
  "competitor_name": "fressnapf",
  "product_name": "REAL NATURE WILDERNESS True Country Adult Huhn mit Fisch 1 kg",
  "brand": "REAL NATURE",
  "regular_price": 14.49,
  "selling_price": 14.49,
  "price_per_unit": "€14.49/kg",
  "currency": "EUR",
  "breadcrumb": "Heimat > Hund > Hundefutter > Hundetrockenfutter > REAL NATURE WILDERNESS True Country Adult Huhn mit Fisch 1 kg",
  "pdp_url": "https://www.fressnapf.at/p/real-nature-wilderness-true-country-adult-huhn-mit-fisch-1-kg-1083996002/",
  "product_description": "REAL NATURE\nArt.Nr.: 1083996002\n*Schmeckt nicht? Mit unserer\nAkzeptanzgarantie\nbekommst du dein Geld zurück und suchst dir einfach ein anderes Futter aus.\nREAL NATURE WILDERNESS True Country Adult ist optimal auf den Bedarf von Hunden aller Rassen und Größen ab dem 11.-24. Lebensmonat (je nach Hundegröße) abgestimmt.\nREAL NATURE WILDERNESS folgt der Natur Ihres Hundes. REAL NATURE WILDERNESS orientiert sich an der Ernährung des Wolfes als Vorfahren des Hundes und ermöglicht es Ihnen, Ihr Tier so artgerecht wie möglich zu ernähren.\nREAL NATURE WILDERNESS besteht aus 70% hochwertigem Huhn und Fisch, 30% Obst, Gemüse und wertvollen Zutaten und 0% Getreidezugabe. Enthält Kartoffeln und frisches Huhn als hochwertige tierische Proteinquelle. Wertvolles Lachsöl ergänzt die REAL NATURE WILDERNESS Rezepturen sinnvoll, indem es essentielle Omega-3-Fettsäuren liefert. REAL NATURE WILDERNESS bietet natürliche Zutaten1, ernährungsphysiologisch sinnvoll mit wertvollen Vitaminen und Mineralstoffen ergänzt - garantiert ohne Zusatz von künstlichen Konservierungsmitteln, Farb- und Aromastoffen oder Emulgatoren.\nDer Anteil von tierischen Bestandteilen in der REAL NATURE WILDERNESS Trockennahrung liegt bei 70%. Tierisches Protein ist sehr wertvoll für Ihren Hund, da es der Hauptlieferant von biologisch gut verwertbaren Aminosäuren ist. Das heißt, Ihr Hund erhält besonders viel von dem, was sein Körper braucht. Lachsöl versorgt ihn zusätzlich mit wertvollen Omega-3-Fettsäuren. Statt Getreide sind Kartoffeln als gut verträgliche Kohlenhydratquelle enthalten.\nDie Vorteile im Überblick:\n70 % hochwertiges Huhn und Fisch\n30 % Obst, Gemüse und wertvolle Zutaten\n0 % Getreide –  Kartoffeln sind die einzige Kohlenhydratquelle\nartgerechte Ernährung nach dem Vorbild des Wolfes\nmit einem hohen Fleischanteil\n100 % natürlich1 – ohne Konservierungs-, Aroma- und Farbstoffe\nangepasst an die Lebensphasen des Hundes (Junior / Adult)\nREAL NATURE WILDERNESS True Country Adult Huhn mit Fisch ist ein Alleinfuttermittel für ausgewachsene Hunde aller Rassen und Größen ab dem 11.-24. Lebensmonat (je nach Hundegröße). Weitere Informationen erhalten Sie hier: info@fressnapf.com\n1 in den ausgewählten Rohstoffen.\nMöchtest du mehr über die Produkte von REAL NATURE für Hunde erfahren? Tauche\nhier\nin die Welt der Produktvielfalt von REAL NATURE ein!\nREAL NATURE WILDERNESS True Country Adult Huhn mit Fisch ist ein Alleinfuttermittel für ausgewachsene Hunde aller Rassen und Größen ab dem 11.-24. Lebensmonat (je nach Hundegröße). Weitere Informationen erhalten Sie hier: info@fressnapf.com\nMehr Produktinfos\nInverkehrbringer\nMultiFit Tiernahrungs GmbH, Westpreußenstr. 32-38, 47809 Krefeld",
  "rating": 4.79,
  "review": 293,
  "distributor_address": "MultiFit Tiernahrungs GmbH, Westpreußenstr. 32-38, 47809 Krefeld",
  "ingredients": "Analytische Bestandteile Protein 37%, Fettgehalt 20%, Rohasche 8,2%, Rohfaser 3%, Calcium 1,7%, Phosphor 1,2%. Zusammensetzung frisches Hühnerfleisch (24%), Hühnerprotein (18%), Kartoffeln (12%), Kartoffelflocken (10%), Hühnerfett (6%), Hühnerprotein, hydrolysiert (4%), frisches Entenfleisch (4%), frischer Lachs (4%), Heringprotein (4%), Äpfel (4%), frische Hühnerleber (3%), Lachsöl (3%), Karotten (1%), Spinat (1%), Erbsen (1%), Glucosamin (0,026%), Chondroitinsulfat (0,016%), Mannan-Oligosaccharide (0,015%), Fructo-Oligosaccharide (0,01%), Yucca schidigera (0,01%), Cranberries (0,005%), Rosmarin (0,004%), Flohsamenschalen und Saaten (0,002%), Algen (Ascophyllum nodosum, 0,0018%), Thymian (0,0014%), Pfefferminze (0,0014%), Löwenzahn (0,0012%), Petersilie (0,001%). Zusatzstoffe pro kg Ernährungsphysiologische Zusatzstoffe: Vitamin A 20000 IE, Vitamin D3 1500 IE, Vitamin E 500mg, Vitamin B2 3,8mg, Eisen (3b106) 72mg, Kupfer (3b406) 15mg, Jod (3b201) 0,65mg, Mangan (3b504) 35mg, Selen (3b810) 0,25mg, Zink (3b606) 80mg.",
  "instock": true,
  "retail_limit": "10x"
},
{
  "_id": {
    "$oid": "66bef411a9267700a3bd0194"
  },
  "unique_id": 1241960,
  "competitor_name": "fressnapf",
  "product_name": "AniOne Toilettenvorleger 45 cm. 60 cm",
  "brand": "AniOne",
  "regular_price": 11.99,
  "selling_price": 11.99,
  "currency": "EUR",
  "breadcrumb": "Heimat > Katze > Hygiene & Pflege > Toilettenzubehör > AniOne Toilettenvorleger 45 cm, 60 cm",
  "pdp_url": "https://www.fressnapf.at/p/anione-toilettenvorleger-45-cm-60-cm-1241960/",
  "product_description": "AniOne\nArt.Nr.: 1241960\nDer Toilettenvorleger von AniOne sorgt für mehr Sauberkeit rund um die Katzentoilette.\nBeim Ausstieg aus der Katzentoilette kann sich Katzenstreu zwischen den Pfoten setzen. Ihre Katze trägt dann die kleinen Körner durch die ganze Wohnung.\nAniOne bietet für jede Gelegenheit das passende Zubehör – jedes Produkt ist optimal auf die Bedürfnisse der Tiere zugeschnitten.\nDer Toilettenvorleger von AniOne befreit sanft und schonend die Pfoten von Katzenstreu und und ist somit der perfekte Pfotenabtreter. Natürlich ist der Vorleger für jede Katzentoilette geeignet und zudem rutschfest.\nErhältlich in verschiedenen Größen:\nca. 37x45cm\nca. 40x60cm\nInverkehrbringer\nMultiFit Tiernahrungs GmbH, Westpreußenstr. 32-38, 47809 Krefeld",
  "rating": 4.44,
  "review": 142,
  "distributor_address": "MultiFit Tiernahrungs GmbH, Westpreußenstr. 32-38, 47809 Krefeld",
  "instock": true,
  "retail_limit": "9x"
},
{
  "_id": {
    "$oid": "66bef411a9267700a3bd0195"
  },
  "unique_id": 1241903,
  "competitor_name": "fressnapf",
  "product_name": "Biokat's Diamond Care Classic 10 l",
  "brand": "Biokat's",
  "regular_price": 10.49,
  "selling_price": 10.49,
  "price_per_unit": "€1.05/l",
  "currency": "EUR",
  "breadcrumb": "Heimat > Katze > Hygiene & Pflege > Katzenstreu > Biokat's Diamond Care Classic 10 l",
  "pdp_url": "https://www.fressnapf.at/p/biokats-diamond-care-classic-10-l-1241903/",
  "product_description": "Biokat's\nArt.Nr.: 1241903\nFeines Katzenstreu mit einem Booster für hochwirksame Geruchsbindung & Saugfähigkeit inkl. Pflege-Faktor\nDas Biokat's Diamond Care classic besitzt eine hochwirksame Geruchbindung und Saugfähigkeit.\nAktivkohle als Geruchsbindungsmittel\nDie Aktivkohle ist ein hochporöser Kohlenstoffkörper mit einer großen inneren Oberfläche. Der Ursprung dieser Aktivkohle sind Kokosnussschalen und ein nachwachsender Rohstoff. Durch die ‚van-der-Waals‘schen Kräfte‘ werden Geruchsstoffe an der Aktivkohle rein physikalisch gebunden. Aktivkohle dient schon sehr lange als Geruchsfilter, z. B. in Küchen in Abzugshauben oder Kühlschränken. Aber auch in Schuheinlagen oder bei Filteranlagen für den KFZ-Innenraum. Klimageräte funktionieren ebenfalls mit einer Aktivkohlestufe, um Außengerüche (Abgase, Schwefeldioxid etc.) aus der Zuluft zu entfernen.\nAloe Vera als sanfte Pflege\nAloe Vera, die im Diamond Care eingesetzt wird und fü eine sanfte Pflege sorgt wird ausschließlich aus den Blättern der Aloe barbadensis Miller gewonnen. Direkt nach der Ernte gelangen die reifen Aloe Vera Blätter von den Plantagen in die Manufaktur, so dass die wertvollen Bestandteile des Rohstoffes voll erhalten bleiben. In der Manufaktur werden die Aloe Vera Blätter mit Wasser gewaschen und anschließend per Hand geschält. Die Blattfilets werden im weiteren Verlauf zu Aloe Vera Gel sowie Flüssig- und Pulverkonzentrat verarbeitet. Für Diamond Care wird die Aloe als Flüssigkonzentrat eingesetzt, es wird aufgesprüht. Somit erhalten alle Körner des Streu's automatisch eine „Pflege-Dusche“.  Aloe Vera ist bekannt für ihre Pflege-Wirkung. Katzen haben sensible Pfötchen. Tierärzte raten dazu sie mit speziellen Produkten gut zu pflegen, um sie so zu schützen.\nAnwendungsempfehlung:\nFüllen Sie die Katzentoilette mindestens 5cm hoch mit Katzenstreu. Nehmen Sie täglich die festen Ausscheidungen und Klümpchen heraus und erneuern Sie die entnommene Menge. Wechseln Sie die Streu in regelmäßigen Abständen, z.B. alle 2 Wochen, komplett aus.\nTipp:\nWenn Sie eine Fußbodenheizung besitzen, legen Sie bitte ein isolierendes Material unter die Katzentoilette. Dadurch verhindern Sie Gerüche, die durch das Erwärmen der in den Körnchen gebundenen Flüssigkeiten entstehen könnten.\nInverkehrbringer\nH. von Gimborn GmbH, Albert-Einstein-Str. 6, 46446 Emmerich am Rhein",
  "rating": 4.56,
  "review": 154,
  "distributor_address": "H. von Gimborn GmbH, Albert-Einstein-Str. 6, 46446 Emmerich am Rhein",
  "instock": true,
  "retail_limit": "10x"
},
{
  "_id": {
    "$oid": "66bef411a9267700a3bd0196"
  },
  "unique_id": 1070813,
  "competitor_name": "fressnapf",
  "product_name": "HAPPY CAT Minkas Hairball Control Geflügel 10 kg",
  "brand": "HAPPY CAT",
  "regular_price": 32.99,
  "selling_price": 32.99,
  "price_per_unit": "€3.30/kg",
  "currency": "EUR",
  "breadcrumb": "Heimat > Katze > Katzenfutter > Trockenfutter > HAPPY CAT Minkas Hairball Control Geflügel 10 kg",
  "pdp_url": "https://www.fressnapf.at/p/happy-cat-minkas-hairball-control-gefluegel-10-kg-1070813/",
  "product_description": "HAPPY CAT\nArt.Nr.: 1070813\nAlleinfuttermittel für ausgewachsene Katzen.\nHappy Cat Minkas Hairball Control mit Geflügel ist eine ausgewogene Komplettnahrung für ausgewachsene Katzen. Ein hoher Anteil an speziellen Rohfasern unterstützt die Reduzierung von Haarballen und trägt zu einer sanften Ausscheidung über den Magen-Darm-Trakt bei. Hergestellt in Deutschland unter strenger Qualitätskontrolle.\nAlleinfuttermittel für ausgewachsene Katzen. Weitere Informationen erhalten Sie hier:\nservice@happydog.de\nInverkehrbringer\nInterquell GmbH, Südliche Hauptstr. 38, 86517 Wehringen",
  "rating": 4.68,
  "review": 19,
  "distributor_address": "Interquell GmbH, Südliche Hauptstr. 38, 86517 Wehringen",
  "ingredients": "Analytische Bestandteile Rohprotein 30,0%, Rohfett 12,0 %, Rohfaser 3,0%, Rohasche 6,5%, Calcium 1,2%, Phosphor 0,9%, Natrium 0,35%, Kalium 0,6%, Magnesium 0,15%, Omega-6-Fettsäuren 2,5%, Omega-3-Fettsäuren 0,35% Zusammensetzung Geflügelprotein** (32 %), Weizenmehl, Weizen, Mais, Geflügelfett, Kartoffelprotein, Fischmehl, Rübenmelas-seschnitzel* (entzuckert), Lignocellulose, Sonnenblumenöl, Apfeltrester*, Natriumchlorid, Rapsöl, Yucca schidi-gera* (0,04 %); *) getrocknet, **) getrocknet, anteilig hydrolisiert Feuchtegehalt 9% Zusatzstoffe pro kg Ernährungsphysiologische Zusatzstoffe: Vitamine / kg: Vitamin A (3a672a) 15000 I.E., Vitamin D3 (3a671) 1250 I.E., Vitamin E (all rac-alpha-Tocopherylacetat 3a700) 75 mg, Taurin (3a370) 1000 mgAntioxidationsmittel, Tocopherol-Extrakte aus pflanzlichen Ölen 1b306(i).Spurenelemente / kg: Eisen (Eisen(II)sulfat, Monohydrat 3b103) 130 mg, Kupfer (Kupfer(II)-sulfat-Pentahydrat 3b405) 12 mg, Zink (Zinkoxid 3b603) 100 mg, Mangan (Mangan(II)oxid 3b502) 15 mg, Jod (Kalziumjodat, wasserfrei 3b202) 1,5 mg, Selen (E8, Natriumselenit) 0,15 mgAminosäuren / kg: DL-Methionin (3c301) 4500 mg",
  "instock": true,
  "retail_limit": "10x"
},
{
  "_id": {
    "$oid": "66bef411a9267700a3bd0197"
  },
  "unique_id": 1241242,
  "competitor_name": "fressnapf",
  "product_name": "GOURMET Crystal Soup 32x40g Thunfisch & Sardellen",
  "brand": "GOURMET",
  "regular_price": 23.99,
  "selling_price": 23.99,
  "price_per_unit": "€18.74/kg",
  "currency": "EUR",
  "breadcrumb": "Heimat > Katze > Katzenfutter > Nassfutter > GOURMET Crystal Soup 32x40g Thunfisch & Sardellen",
  "pdp_url": "https://www.fressnapf.at/p/gourmet-crystal-soup-32x40g-thunfisch--sardellen-1241242/",
  "product_description": "GOURMET\nArt.Nr.: 1241242\nGourmet Crystal Soup regt die Sinne Ihrer Katze an – mit hochwertigen Zutaten in einer raffinierten Brühe.\nGourmet Crystal Soup bietet eine Vielzahl köstlicher Brühen für ein einzigartiges Genusserlebnis, das Ihre Katze lieben wird.\nVoller naturbelassener Zutaten, wie echte erkennbare Stückchen aus Huhn, Fisch oder Meeresfrüchten, ist Gourmet Crystal Soup ein köstliches Geschmackserlebnis, das Ihre Katze genüsslich schnurren lässt. Serviert in einer köstlichen Brühe.\nDie Vorteile im Überblick:\nErgänzungsfutter\nAus hochwertigen Zutaten hergestellt\nBrühen in vielen delikaten Geschmacksrichtungen\nIm praktischen Frischebeutel immer frisch servierbar\nErgänzungsfuttermittel für ausgewachsene Katzen. Weitere Informationen erhalten Sie hier: www.purina.de\nInverkehrbringer\nNestlé Purina Petcare Deutschland GmbH, Albert-Latz-Str. 6, 53879 Euskirchen",
  "rating": 4.76,
  "review": 628,
  "distributor_address": "Nestlé Purina Petcare Deutschland GmbH, Albert-Latz-Str. 6, 53879 Euskirchen",
  "ingredients": "Analytische Bestandteile Protein 10%, Fettgehalt 0,1%, Rohasche 1,5%, Rohfaser 0,01% Zusammensetzung Fisch und Fischnebenerzeugnisse (davon 20% naturbelassene Thunfischfilets, 4,6% dehydrierte Sardellen, entspricht 12% rehydrierten Sardellen), pflanzliche Nebenerzeugnisse. Feuchtegehalt 88% Zusatzstoffe pro kg Technologische Zusatzstoffe, sensorische Zusatzstoffe",
  "instock": true,
  "retail_limit": "10x"
},
{
  "_id": {
    "$oid": "66bef411a9267700a3bd0198"
  },
  "unique_id": 1083997002,
  "competitor_name": "fressnapf",
  "product_name": "REAL NATURE WILDERNESS True Country Adult Huhn mit Fisch 4 kg",
  "brand": "REAL NATURE",
  "regular_price": 36.99,
  "selling_price": 36.99,
  "price_per_unit": "€9.25/kg",
  "currency": "EUR",
  "breadcrumb": "Heimat > Hund > Hundefutter > Hundetrockenfutter > REAL NATURE WILDERNESS True Country Adult Huhn mit Fisch 4 kg",
  "pdp_url": "https://www.fressnapf.at/p/real-nature-wilderness-true-country-adult-huhn-mit-fisch-4-kg-1083997002/",
  "product_description": "REAL NATURE\nArt.Nr.: 1083997002\n*Schmeckt nicht? Mit unserer\nAkzeptanzgarantie\nbekommst du dein Geld zurück und suchst dir einfach ein anderes Futter aus.\nREAL NATURE WILDERNESS True Country Adult ist optimal auf den Bedarf von Hunden aller Rassen und Größen ab dem 11.-24. Lebensmonat (je nach Hundegröße) abgestimmt.\nREAL NATURE WILDERNESS folgt der Natur Ihres Hundes. REAL NATURE WILDERNESS orientiert sich an der Ernährung des Wolfes als Vorfahren des Hundes und ermöglicht es Ihnen, Ihr Tier so artgerecht wie möglich zu ernähren.\nREAL NATURE WILDERNESS besteht aus 70% hochwertigem Huhn und Fisch, 30% Obst, Gemüse und wertvollen Zutaten und 0% Getreidezugabe. Enthält Kartoffeln und frisches Huhn als hochwertige tierische Proteinquelle. Wertvolles Lachsöl ergänzt die REAL NATURE WILDERNESS Rezepturen sinnvoll, indem es essentielle Omega-3-Fettsäuren liefert. REAL NATURE WILDERNESS bietet natürliche Zutaten1, ernährungsphysiologisch sinnvoll mit wertvollen Vitaminen und Mineralstoffen ergänzt - garantiert ohne Zusatz von künstlichen Konservierungsmitteln, Farb- und Aromastoffen oder Emulgatoren.\nDer Anteil von tierischen Bestandteilen in der REAL NATURE WILDERNESS Trockennahrung liegt bei 70%. Tierisches Protein ist sehr wertvoll für Ihren Hund, da es der Hauptlieferant von biologisch gut verwertbaren Aminosäuren ist. Das heißt, Ihr Hund erhält besonders viel von dem, was sein Körper braucht. Lachsöl versorgt ihn zusätzlich mit wertvollen Omega-3-Fettsäuren. Statt Getreide sind Kartoffeln als gut verträgliche Kohlenhydratquelle enthalten.\nDie Vorteile im Überblick:\n70 % hochwertiges Huhn und Fisch\n30 % Obst, Gemüse und wertvolle Zutaten\n0 % Getreide –  Kartoffeln sind die einzige Kohlenhydratquelle\nartgerechte Ernährung nach dem Vorbild des Wolfes\nmit einem hohen Fleischanteil\n100 % natürlich1 – ohne Konservierungs-, Aroma- und Farbstoffe\nangepasst an die Lebensphasen des Hundes (Junior / Adult)\nREAL NATURE WILDERNESS True Country Adult Huhn mit Fisch ist ein Alleinfuttermittel für ausgewachsene Hunde aller Rassen und Größen ab dem 11.-24. Lebensmonat (je nach Hundegröße). Weitere Informationen erhalten Sie hier: info@fressnapf.com\n1 in den ausgewählten Rohstoffen.\nMöchtest du mehr über die Produkte von REAL NATURE für Hunde erfahren? Tauche\nhier\nin die Welt der Produktvielfalt von REAL NATURE ein!\nREAL NATURE WILDERNESS True Country Adult Huhn mit Fisch ist ein Alleinfuttermittel für ausgewachsene Hunde aller Rassen und Größen ab dem 11.-24. Lebensmonat (je nach Hundegröße). Weitere Informationen erhalten Sie hier: info@fressnapf.com\nMehr Produktinfos\nInverkehrbringer\nMultiFit Tiernahrungs GmbH, Westpreußenstr. 32-38, 47809 Krefeld",
  "special_nutrition_purpose": "Alleinfuttermittel für ausgewachsene Hunde",
  "rating": 4.79,
  "review": 293,
  "distributor_address": "MultiFit Tiernahrungs GmbH, Westpreußenstr. 32-38, 47809 Krefeld",
  "ingredients": "Analytische Bestandteile Protein 37%, Fettgehalt 20%, Rohasche 8,2%, Rohfaser 3%, Calcium 1,7%, Phosphor 1,2%. Zusammensetzung frisches Hühnerfleisch (24%), Hühnerprotein (18%), Kartoffeln (12%), Kartoffelflocken (10%), Hühnerfett (6%), Hühnerprotein, hydrolysiert (4%), frisches Entenfleisch (4%), frischer Lachs (4%), Heringprotein (4%), Äpfel (4%), frische Hühnerleber (3%), Lachsöl (3%), Karotten (1%), Spinat (1%), Erbsen (1%), Glucosamin (0,026%), Chondroitinsulfat (0,016%), Mannan-Oligosaccharide (0,015%), Fructo-Oligosaccharide (0,01%), Yucca schidigera (0,01%), Cranberries (0,005%), Rosmarin (0,004%), Flohsamenschalen und Saaten (0,002%), Algen (Ascophyllum nodosum, 0,0018%), Thymian (0,0014%), Pfefferminze (0,0014%), Löwenzahn (0,0012%), Petersilie (0,001%). Zusatzstoffe pro kg Ernährungsphysiologische Zusatzstoffe: Vitamin A 20000 IE, Vitamin D3 1500 IE, Vitamin E 500mg, Vitamin B2 3,8mg, Eisen (3b106) 72mg, Kupfer (3b406) 15mg, Jod (3b201) 0,65mg, Mangan (3b504) 35mg, Selen (3b810) 0,25mg, Zink (3b606) 80m",
  "instock": true,
  "retail_limit": "10x"
},
{
  "_id": {
    "$oid": "66bef411a9267700a3bd0199"
  },
  "unique_id": 1070814,
  "competitor_name": "fressnapf",
  "product_name": "HAPPY CAT Minkas Hairball Control Geflügel 4 kg",
  "brand": "HAPPY CAT",
  "regular_price": 18.49,
  "selling_price": 18.49,
  "price_per_unit": "€4.62/kg",
  "currency": "EUR",
  "breadcrumb": "Heimat > Katze > Katzenfutter > Trockenfutter > HAPPY CAT Minkas Hairball Control Geflügel 4 kg",
  "pdp_url": "https://www.fressnapf.at/p/happy-cat-minkas-hairball-control-gefluegel-4-kg-1070814/",
  "product_description": "HAPPY CAT\nArt.Nr.: 1070814\nAlleinfuttermittel für ausgewachsene Katzen.\nHappy Cat Minkas Hairball Control mit Geflügel ist eine ausgewogene Komplettnahrung für ausgewachsene Katzen. Ein hoher Anteil an speziellen Rohfasern unterstützt die Reduzierung von Haarballen und trägt zu einer sanften Ausscheidung über den Magen-Darm-Trakt bei. Hergestellt in Deutschland unter strenger Qualitätskontrolle.\nAlleinfuttermittel für ausgewachsene Katzen. Weitere Informationen erhalten Sie hier:\nservice@happydog.de\nInverkehrbringer\nInterquell GmbH, Südliche Hauptstr. 38, 86517 Wehringen",
  "rating": 4.68,
  "review": 19,
  "distributor_address": "Interquell GmbH, Südliche Hauptstr. 38, 86517 Wehringen",
  "ingredients": "Analytische Bestandteile Rohprotein 30,0%, Rohfett 12,0 %, Rohfaser 3,0%, Rohasche 6,5%, Calcium 1,2%, Phosphor 0,9%, Natrium 0,35%, Kalium 0,6%, Magnesium 0,15%, Omega-6-Fettsäuren 2,5%, Omega-3-Fettsäuren 0,35% Zusammensetzung Geflügelprotein** (32 %), Weizenmehl, Weizen, Mais, Geflügelfett, Kartoffelprotein, Fischmehl, Rübenmelas-seschnitzel* (entzuckert), Lignocellulose, Sonnenblumenöl, Apfeltrester*, Natriumchlorid, Rapsöl, Yucca schidi-gera* (0,04 %); *) getrocknet, **) getrocknet, anteilig hydrolisiert Feuchtegehalt 9% Zusatzstoffe pro kg Ernährungsphysiologische Zusatzstoffe: Vitamine / kg: Vitamin A (3a672a) 15000 I.E., Vitamin D3 (3a671) 1250 I.E., Vitamin E (all rac-alpha-Tocopherylacetat 3a700) 75 mg, Taurin (3a370) 1000 mgAntioxidationsmittel, Tocopherol-Extrakte aus pflanzlichen Ölen 1b306(i).Spurenelemente / kg: Eisen (Eisen(II)sulfat, Monohydrat 3b103) 130 mg, Kupfer (Kupfer(II)-sulfat-Pentahydrat 3b405) 12 mg, Zink (Zinkoxid 3b603) 100 mg, Mangan (Mangan(II)oxid 3b502) 15 mg, Jod (Kalziumjodat, wasserfrei 3b202) 1,5 mg, Selen (E8, Natriumselenit) 0,15 mgAminosäuren / kg: DL-Methionin (3c301) 4500 mg",
  "instock": true,
  "retail_limit": "2x"
},
{
  "_id": {
    "$oid": "66bef411a9267700a3bd019a"
  },
  "unique_id": 1241924,
  "competitor_name": "fressnapf",
  "product_name": "Biokat's Diamond Care Classic 2x10 l",
  "brand": "Biokat's",
  "regular_price": 18.49,
  "selling_price": 18.49,
  "price_per_unit": "€0.92/l",
  "currency": "EUR",
  "breadcrumb": "Heimat > Katze > Hygiene & Pflege > Katzenstreu > Biokat's Diamond Care Classic 2x10 l",
  "pdp_url": "https://www.fressnapf.at/p/biokats-diamond-care-classic-2x10-l-1241924/",
  "product_description": "Biokat's\nArt.Nr.: 1241924\nFeines Katzenstreu mit einem Booster für hochwirksame Geruchsbindung & Saugfähigkeit inkl. Pflege-Faktor\nDas Biokat's Diamond Care classic besitzt eine hochwirksame Geruchbindung und Saugfähigkeit.\nAktivkohle als Geruchsbindungsmittel\nDie Aktivkohle ist ein hochporöser Kohlenstoffkörper mit einer großen inneren Oberfläche. Der Ursprung dieser Aktivkohle sind Kokosnussschalen und ein nachwachsender Rohstoff. Durch die ‚van-der-Waals‘schen Kräfte‘ werden Geruchsstoffe an der Aktivkohle rein physikalisch gebunden. Aktivkohle dient schon sehr lange als Geruchsfilter, z. B. in Küchen in Abzugshauben oder Kühlschränken. Aber auch in Schuheinlagen oder bei Filteranlagen für den KFZ-Innenraum. Klimageräte funktionieren ebenfalls mit einer Aktivkohlestufe, um Außengerüche (Abgase, Schwefeldioxid etc.) aus der Zuluft zu entfernen.\nAloe Vera als sanfte Pflege\nAloe Vera, die im Diamond Care eingesetzt wird und fü eine sanfte Pflege sorgt wird ausschließlich aus den Blättern der Aloe barbadensis Miller gewonnen. Direkt nach der Ernte gelangen die reifen Aloe Vera Blätter von den Plantagen in die Manufaktur, so dass die wertvollen Bestandteile des Rohstoffes voll erhalten bleiben. In der Manufaktur werden die Aloe Vera Blätter mit Wasser gewaschen und anschließend per Hand geschält. Die Blattfilets werden im weiteren Verlauf zu Aloe Vera Gel sowie Flüssig- und Pulverkonzentrat verarbeitet. Für Diamond Care wird die Aloe als Flüssigkonzentrat eingesetzt, es wird aufgesprüht. Somit erhalten alle Körner des Streu's automatisch eine „Pflege-Dusche“.  Aloe Vera ist bekannt für ihre Pflege-Wirkung. Katzen haben sensible Pfötchen. Tierärzte raten dazu sie mit speziellen Produkten gut zu pflegen, um sie so zu schützen.\nAnwendungsempfehlung:\nFüllen Sie die Katzentoilette mindestens 5cm hoch mit Katzenstreu. Nehmen Sie täglich die festen Ausscheidungen und Klümpchen heraus und erneuern Sie die entnommene Menge. Wechseln Sie die Streu in regelmäßigen Abständen, z.B. alle 2 Wochen, komplett aus.\nTipp:\nWenn Sie eine Fußbodenheizung besitzen, legen Sie bitte ein isolierendes Material unter die Katzentoilette. Dadurch verhindern Sie Gerüche, die durch das Erwärmen der in den Körnchen gebundenen Flüssigkeiten entstehen könnten.\nInverkehrbringer\nH. von Gimborn GmbH, Albert-Einstein-Str. 6, 46446 Emmerich am Rhein",
  "rating": 4.56,
  "review": 154,
  "distributor_address": "H. von Gimborn GmbH, Albert-Einstein-Str. 6, 46446 Emmerich am Rhein",
  "instock": true,
  "retail_limit": "10x"
},
{
  "_id": {
    "$oid": "66bef411a9267700a3bd019b"
  },
  "unique_id": 1241920,
  "competitor_name": "fressnapf",
  "product_name": "HAPPY CAT Minkas Hairball Control Geflügel 2x10 kg",
  "brand": "HAPPY CAT",
  "regular_price": 63.99,
  "selling_price": 63.99,
  "price_per_unit": "€3.20/kg",
  "currency": "EUR",
  "breadcrumb": "Heimat > Katze > Katzenfutter > Trockenfutter > HAPPY CAT Minkas Hairball Control Geflügel 2x10 kg",
  "pdp_url": "https://www.fressnapf.at/p/happy-cat-minkas-hairball-control-gefluegel-2x10-kg-1241920/",
  "product_description": "HAPPY CAT\nArt.Nr.: 1241920\nAlleinfuttermittel für ausgewachsene Katzen.\nHappy Cat Minkas Hairball Control mit Geflügel ist eine ausgewogene Komplettnahrung für ausgewachsene Katzen. Ein hoher Anteil an speziellen Rohfasern unterstützt die Reduzierung von Haarballen und trägt zu einer sanften Ausscheidung über den Magen-Darm-Trakt bei. Hergestellt in Deutschland unter strenger Qualitätskontrolle.\nAlleinfuttermittel für ausgewachsene Katzen. Weitere Informationen erhalten Sie hier:\nservice@happydog.de\nInverkehrbringer\nInterquell GmbH, Südliche Hauptstr. 38, 86517 Wehringen",
  "rating": 4.68,
  "review": 19,
  "distributor_address": "Interquell GmbH, Südliche Hauptstr. 38, 86517 Wehringen",
  "ingredients": "Analytische Bestandteile Rohprotein 30,0%, Rohfett 12,0 %, Rohfaser 3,0%, Rohasche 6,5%, Calcium 1,2%, Phosphor 0,9%, Natrium 0,35%, Kalium 0,6%, Magnesium 0,15%, Omega-6-Fettsäuren 2,5%, Omega-3-Fettsäuren 0,35% Zusammensetzung Geflügelprotein** (32 %), Weizenmehl, Weizen, Mais, Geflügelfett, Kartoffelprotein, Fischmehl, Rübenmelas-seschnitzel* (entzuckert), Lignocellulose, Sonnenblumenöl, Apfeltrester*, Natriumchlorid, Rapsöl, Yucca schidi-gera* (0,04 %); *) getrocknet, **) getrocknet, anteilig hydrolisiert Feuchtegehalt 9% Zusatzstoffe pro kg Ernährungsphysiologische Zusatzstoffe: Vitamine / kg: Vitamin A (3a672a) 15000 I.E., Vitamin D3 (3a671) 1250 I.E., Vitamin E (all rac-alpha-Tocopherylacetat 3a700) 75 mg, Taurin (3a370) 1000 mgAntioxidationsmittel, Tocopherol-Extrakte aus pflanzlichen Ölen 1b306(i).Spurenelemente / kg: Eisen (Eisen(II)sulfat, Monohydrat 3b103) 130 mg, Kupfer (Kupfer(II)-sulfat-Pentahydrat 3b405) 12 mg, Zink (Zinkoxid 3b603) 100 mg, Mangan (Mangan(II)oxid 3b502) 15 mg, Jod (Kalziumjodat, wasserfrei 3b202) 1,5 mg, Selen (E8, Natriumselenit) 0,15 mgAminosäuren / kg: DL-Methionin (3c301) 4500 mg",
  "instock": true,
  "retail_limit": "10x"
},
{
  "_id": {
    "$oid": "66bef411a9267700a3bd019c"
  },
  "unique_id": 1331743,
  "competitor_name": "fressnapf",
  "product_name": "Biokat's Diamond Care Classic 4x10 l",
  "brand": "Biokat's",
  "regular_price": 35.49,
  "selling_price": 35.49,
  "price_per_unit": "€0.89/l",
  "currency": "EUR",
  "breadcrumb": "Heimat > Katze > Hygiene & Pflege > Katzenstreu > Biokat's Diamond Care Classic 4x10 l",
  "pdp_url": "https://www.fressnapf.at/p/biokats-diamond-care-classic-4x10-l-1331743/",
  "product_description": "Biokat's\nArt.Nr.: 1331743\nFeines Katzenstreu mit einem Booster für hochwirksame Geruchsbindung & Saugfähigkeit inkl. Pflege-Faktor\nDas Biokat's Diamond Care classic besitzt eine hochwirksame Geruchbindung und Saugfähigkeit.\nAktivkohle als Geruchsbindungsmittel\nDie Aktivkohle ist ein hochporöser Kohlenstoffkörper mit einer großen inneren Oberfläche. Der Ursprung dieser Aktivkohle sind Kokosnussschalen und ein nachwachsender Rohstoff. Durch die ‚van-der-Waals‘schen Kräfte‘ werden Geruchsstoffe an der Aktivkohle rein physikalisch gebunden. Aktivkohle dient schon sehr lange als Geruchsfilter, z. B. in Küchen in Abzugshauben oder Kühlschränken. Aber auch in Schuheinlagen oder bei Filteranlagen für den KFZ-Innenraum. Klimageräte funktionieren ebenfalls mit einer Aktivkohlestufe, um Außengerüche (Abgase, Schwefeldioxid etc.) aus der Zuluft zu entfernen.\nAloe Vera als sanfte Pflege\nAloe Vera, die im Diamond Care eingesetzt wird und fü eine sanfte Pflege sorgt wird ausschließlich aus den Blättern der Aloe barbadensis Miller gewonnen. Direkt nach der Ernte gelangen die reifen Aloe Vera Blätter von den Plantagen in die Manufaktur, so dass die wertvollen Bestandteile des Rohstoffes voll erhalten bleiben. In der Manufaktur werden die Aloe Vera Blätter mit Wasser gewaschen und anschließend per Hand geschält. Die Blattfilets werden im weiteren Verlauf zu Aloe Vera Gel sowie Flüssig- und Pulverkonzentrat verarbeitet. Für Diamond Care wird die Aloe als Flüssigkonzentrat eingesetzt, es wird aufgesprüht. Somit erhalten alle Körner des Streu's automatisch eine „Pflege-Dusche“.  Aloe Vera ist bekannt für ihre Pflege-Wirkung. Katzen haben sensible Pfötchen. Tierärzte raten dazu sie mit speziellen Produkten gut zu pflegen, um sie so zu schützen.\nAnwendungsempfehlung:\nFüllen Sie die Katzentoilette mindestens 5cm hoch mit Katzenstreu. Nehmen Sie täglich die festen Ausscheidungen und Klümpchen heraus und erneuern Sie die entnommene Menge. Wechseln Sie die Streu in regelmäßigen Abständen, z.B. alle 2 Wochen, komplett aus.\nTipp:\nWenn Sie eine Fußbodenheizung besitzen, legen Sie bitte ein isolierendes Material unter die Katzentoilette. Dadurch verhindern Sie Gerüche, die durch das Erwärmen der in den Körnchen gebundenen Flüssigkeiten entstehen könnten.\nInverkehrbringer\nH. von Gimborn GmbH, Albert-Einstein-Str. 6, 46446 Emmerich am Rhein",
  "rating": 4.56,
  "review": 154,
  "distributor_address": "H. von Gimborn GmbH, Albert-Einstein-Str. 6, 46446 Emmerich am Rhein",
  "instock": true,
  "retail_limit": "10x"
},
{
  "_id": {
    "$oid": "66bef411a9267700a3bd019d"
  },
  "unique_id": 1083998001,
  "competitor_name": "fressnapf",
  "product_name": "REAL NATURE WILDERNESS True Country Adult Huhn mit Fisch 12 kg",
  "brand": "REAL NATURE",
  "regular_price": 76.99,
  "selling_price": 76.99,
  "price_per_unit": "€6.42/kg",
  "currency": "EUR",
  "breadcrumb": "Heimat > Hund > Hundefutter > Hundetrockenfutter > REAL NATURE WILDERNESS True Country Adult Huhn mit Fisch 12 kg",
  "pdp_url": "https://www.fressnapf.at/p/real-nature-wilderness-true-country-adult-huhn-mit-fisch-12-kg-1083998001/",
  "product_description": "REAL NATURE\nArt.Nr.: 1083998001\n*Schmeckt nicht? Mit unserer\nAkzeptanzgarantie\nbekommst du dein Geld zurück und suchst dir einfach ein anderes Futter aus.\nREAL NATURE WILDERNESS True Country Adult ist optimal auf den Bedarf von Hunden aller Rassen und Größen ab dem 11.-24. Lebensmonat (je nach Hundegröße) abgestimmt.\nREAL NATURE WILDERNESS folgt der Natur Ihres Hundes. REAL NATURE WILDERNESS orientiert sich an der Ernährung des Wolfes als Vorfahren des Hundes und ermöglicht es Ihnen, Ihr Tier so artgerecht wie möglich zu ernähren.\nREAL NATURE WILDERNESS besteht aus 70% hochwertigem Huhn und Fisch, 30% Obst, Gemüse und wertvollen Zutaten und 0% Getreidezugabe. Enthält Kartoffeln und frisches Huhn als hochwertige tierische Proteinquelle. Wertvolles Lachsöl ergänzt die REAL NATURE WILDERNESS Rezepturen sinnvoll, indem es essentielle Omega-3-Fettsäuren liefert. REAL NATURE WILDERNESS bietet natürliche Zutaten1, ernährungsphysiologisch sinnvoll mit wertvollen Vitaminen und Mineralstoffen ergänzt - garantiert ohne Zusatz von künstlichen Konservierungsmitteln, Farb- und Aromastoffen oder Emulgatoren.\nDer Anteil von tierischen Bestandteilen in der REAL NATURE WILDERNESS Trockennahrung liegt bei 70%. Tierisches Protein ist sehr wertvoll für Ihren Hund, da es der Hauptlieferant von biologisch gut verwertbaren Aminosäuren ist. Das heißt, Ihr Hund erhält besonders viel von dem, was sein Körper braucht. Lachsöl versorgt ihn zusätzlich mit wertvollen Omega-3-Fettsäuren. Statt Getreide sind Kartoffeln als gut verträgliche Kohlenhydratquelle enthalten.\nDie Vorteile im Überblick:\n70 % hochwertiges Huhn und Fisch\n30 % Obst, Gemüse und wertvolle Zutaten\n0 % Getreide –  Kartoffeln sind die einzige Kohlenhydratquelle\nartgerechte Ernährung nach dem Vorbild des Wolfes\nmit einem hohen Fleischanteil\n100 % natürlich1 – ohne Konservierungs-, Aroma- und Farbstoffe\nangepasst an die Lebensphasen des Hundes (Junior / Adult)\nREAL NATURE WILDERNESS True Country Adult Huhn mit Fisch ist ein Alleinfuttermittel für ausgewachsene Hunde aller Rassen und Größen ab dem 11.-24. Lebensmonat (je nach Hundegröße). Weitere Informationen erhalten Sie hier: info@fressnapf.com\n1 in den ausgewählten Rohstoffen.\nMöchtest du mehr über die Produkte von REAL NATURE für Hunde erfahren? Tauche\nhier\nin die Welt der Produktvielfalt von REAL NATURE ein!\nREAL NATURE WILDERNESS True Country Adult Huhn mit Fisch ist ein Alleinfuttermittel für ausgewachsene Hunde aller Rassen und Größen ab dem 11.-24. Lebensmonat (je nach Hundegröße). Weitere Informationen erhalten Sie hier: info@fressnapf.com\nMehr Produktinfos\nInverkehrbringer\nMultiFit Tiernahrungs GmbH, Westpreußenstr. 32-38, 47809 Krefeld",
  "special_nutrition_purpose": "Alleinfuttermittel für ausgewachsene Hunde",
  "rating": 4.79,
  "review": 293,
  "distributor_address": "MultiFit Tiernahrungs GmbH, Westpreußenstr. 32-38, 47809 Krefeld",
  "ingredients": "Analytische Bestandteile Protein 37%, Fettgehalt 20%, Rohasche 8,2%, Rohfaser 3%, Calcium 1,7%, Phosphor 1,2%. Zusammensetzung frisches Hühnerfleisch (24%), Hühnerprotein (18%), Kartoffeln (12%), Kartoffelflocken (10%), Hühnerfett (6%), Hühnerprotein, hydrolysiert (4%), frisches Entenfleisch (4%), frischer Lachs (4%), Heringprotein (4%), Äpfel (4%), frische Hühnerleber (3%), Lachsöl (3%), Karotten (1%), Spinat (1%), Erbsen (1%), Glucosamin (0,026%), Chondroitinsulfat (0,016%), Mannan-Oligosaccharide (0,015%), Fructo-Oligosaccharide (0,01%), Yucca schidigera (0,01%), Cranberries (0,005%), Rosmarin (0,004%), Flohsamenschalen und Saaten (0,002%), Algen (Ascophyllum nodosum, 0,0018%), Thymian (0,0014%), Pfefferminze (0,0014%), Löwenzahn (0,0012%), Petersilie (0,001%). Zusatzstoffe pro kg Ernährungsphysiologische Zusatzstoffe: Vitamin A 20000 IE, Vitamin D3 1500 IE, Vitamin E 500mg, Vitamin B2 3,8mg, Eisen (3b106) 72mg, Kupfer (3b406) 15mg, Jod (3b201) 0,65mg, Mangan (3b504) 35mg, Selen (3b810) 0,25mg, Zink (3b606) 80m",
  "instock": true,
  "retail_limit": "10x"
},
{
  "_id": {
    "$oid": "66bef411a9267700a3bd019e"
  },
  "unique_id": 1241789,
  "competitor_name": "fressnapf",
  "product_name": "REAL NATURE WILDERNESS True Country Adult Huhn mit Fisch 2x12 kg",
  "brand": "REAL NATURE",
  "regular_price": 139.98,
  "selling_price": 139.98,
  "price_per_unit": "€5.83/kg",
  "currency": "EUR",
  "breadcrumb": "Heimat > Hund > Hundefutter > Hundetrockenfutter > REAL NATURE WILDERNESS True Country Adult Huhn mit Fisch 2x12 kg",
  "pdp_url": "https://www.fressnapf.at/p/real-nature-wilderness-true-country-adult-huhn-mit-fisch-2x12-kg-1241789/",
  "product_description": "REAL NATURE\nArt.Nr.: 1241789\n*Schmeckt nicht? Mit unserer\nAkzeptanzgarantie\nbekommst du dein Geld zurück und suchst dir einfach ein anderes Futter aus.\nREAL NATURE WILDERNESS True Country Adult ist optimal auf den Bedarf von Hunden aller Rassen und Größen ab dem 11.-24. Lebensmonat (je nach Hundegröße) abgestimmt.\nREAL NATURE WILDERNESS folgt der Natur Ihres Hundes. REAL NATURE WILDERNESS orientiert sich an der Ernährung des Wolfes als Vorfahren des Hundes und ermöglicht es Ihnen, Ihr Tier so artgerecht wie möglich zu ernähren.\nREAL NATURE WILDERNESS besteht aus 70% hochwertigem Huhn und Fisch, 30% Obst, Gemüse und wertvollen Zutaten und 0% Getreidezugabe. Enthält Kartoffeln und frisches Huhn als hochwertige tierische Proteinquelle. Wertvolles Lachsöl ergänzt die REAL NATURE WILDERNESS Rezepturen sinnvoll, indem es essentielle Omega-3-Fettsäuren liefert. REAL NATURE WILDERNESS bietet natürliche Zutaten1, ernährungsphysiologisch sinnvoll mit wertvollen Vitaminen und Mineralstoffen ergänzt - garantiert ohne Zusatz von künstlichen Konservierungsmitteln, Farb- und Aromastoffen oder Emulgatoren.\nDer Anteil von tierischen Bestandteilen in der REAL NATURE WILDERNESS Trockennahrung liegt bei 70%. Tierisches Protein ist sehr wertvoll für Ihren Hund, da es der Hauptlieferant von biologisch gut verwertbaren Aminosäuren ist. Das heißt, Ihr Hund erhält besonders viel von dem, was sein Körper braucht. Lachsöl versorgt ihn zusätzlich mit wertvollen Omega-3-Fettsäuren. Statt Getreide sind Kartoffeln als gut verträgliche Kohlenhydratquelle enthalten.\nDie Vorteile im Überblick:\n70 % hochwertiges Huhn und Fisch\n30 % Obst, Gemüse und wertvolle Zutaten\n0 % Getreide –  Kartoffeln sind die einzige Kohlenhydratquelle\nartgerechte Ernährung nach dem Vorbild des Wolfes\nmit einem hohen Fleischanteil\n100 % natürlich1 – ohne Konservierungs-, Aroma- und Farbstoffe\nangepasst an die Lebensphasen des Hundes (Junior / Adult)\nREAL NATURE WILDERNESS True Country Adult Huhn mit Fisch ist ein Alleinfuttermittel für ausgewachsene Hunde aller Rassen und Größen ab dem 11.-24. Lebensmonat (je nach Hundegröße). Weitere Informationen erhalten Sie hier: info@fressnapf.com\n1 in den ausgewählten Rohstoffen.\nMöchtest du mehr über die Produkte von REAL NATURE für Hunde erfahren? Tauche\nhier\nin die Welt der Produktvielfalt von REAL NATURE ein!\nREAL NATURE WILDERNESS True Country Adult Huhn mit Fisch ist ein Alleinfuttermittel für ausgewachsene Hunde aller Rassen und Größen ab dem 11.-24. Lebensmonat (je nach Hundegröße). Weitere Informationen erhalten Sie hier: info@fressnapf.com\nMehr Produktinfos\nInverkehrbringer\nMultiFit Tiernahrungs GmbH, Westpreußenstr. 32-38, 47809 Krefeld",
  "special_nutrition_purpose": "Alleinfuttermittel für ausgewachsene Hunde",
  "rating": 4.79,
  "review": 293,
  "distributor_address": "MultiFit Tiernahrungs GmbH, Westpreußenstr. 32-38, 47809 Krefeld",
  "ingredients": "Analytische Bestandteile Protein 37%, Fettgehalt 20%, Rohasche 8,2%, Rohfaser 3%, Calcium 1,7%, Phosphor 1,2%. Zusammensetzung frisches Hühnerfleisch (24%), Hühnerprotein (18%), Kartoffeln (12%), Kartoffelflocken (10%), Hühnerfett (6%), Hühnerprotein, hydrolysiert (4%), frisches Entenfleisch (4%), frischer Lachs (4%), Heringprotein (4%), Äpfel (4%), frische Hühnerleber (3%), Lachsöl (3%), Karotten (1%), Spinat (1%), Erbsen (1%), Glucosamin (0,026%), Chondroitinsulfat (0,016%), Mannan-Oligosaccharide (0,015%), Fructo-Oligosaccharide (0,01%), Yucca schidigera (0,01%), Cranberries (0,005%), Rosmarin (0,004%), Flohsamenschalen und Saaten (0,002%), Algen (Ascophyllum nodosum, 0,0018%), Thymian (0,0014%), Pfefferminze (0,0014%), Löwenzahn (0,0012%), Petersilie (0,001%). Zusatzstoffe pro kg Ernährungsphysiologische Zusatzstoffe: Vitamin A 20000 IE, Vitamin D3 1500 IE, Vitamin E 500mg, Vitamin B2 3,8mg, Eisen (3b106) 72mg, Kupfer (3b406) 15mg, Jod (3b201) 0,65mg, Mangan (3b504) 35mg, Selen (3b810) 0,25mg, Zink (3b606) 80mg.",
  "instock": true,
  "retail_limit": "10x"
},
{
  "_id": {
    "$oid": "66bef411a9267700a3bd019f"
  },
  "unique_id": 1241779,
  "competitor_name": "fressnapf",
  "product_name": "PREMIERE cats love nature Deluxe Ragout mit Pute. Thunfisch & Reis 24x100 g",
  "brand": "PREMIERE",
  "regular_price": 18.96,
  "selling_price": 18.96,
  "price_per_unit": "€7.90/kg",
  "currency": "EUR",
  "breadcrumb": "Heimat > Katze > Katzenfutter > Nassfutter > PREMIERE cats love nature Deluxe Ragout mit Pute, Thunfisch & Reis 24x100 g",
  "pdp_url": "https://www.fressnapf.at/p/premiere-cats-love-nature-deluxe-ragout-mit-pute-thunfisch--reis-24x100-g-1241779/",
  "variants": "{'variant': ['mit Thunfisch, Huhn & Pasta', 'Ente', 'mit Wild, Kaninchen & Pasta', 'mit Geflügel, Rind & Pasta', 'mit Huhn, Lachs & Reis']}",
  "product_description": "PREMIERE\nArt.Nr.: 1241779\nPREMIERE Cats love nature Deluxe Ragout im praktischen Portionsbeutel ist ein Alleinfuttermittel für Ihren ausgewachsenen Stubentiger. Exklusiv bei Fressnapf!\nWeil Katzen die Natur lieben - die wertvollen Zutaten von PREMIERE Cats love Deluxe Ragout sind der pure Genuss für Ihren Liebling. Entdecken Sie die neuen Geschmacksvariationen für Ihren kleinen Feinschmecker.\n- Enthält funktionelle Zutaten wie z.B. Apfeltrester, Granatapfelkerne oder Bierhefe\n- Taurin kann zur Stärkung der Sehkraft beitragen und den Herzmuskel unterstützen\n*Schmeckt nicht? Mit unserer\nQualitätsgarantie\nbekommst du dein Geld zurück und suchst dir einfach ein anderes Futter aus.\nAlleinfuttermittel für ausgewachseneKatzen. Weitere Informationen erhalten Sie hier:\ninfo@fressnapf.com\nInverkehrbringer\nMultiFit Tiernahrungs GmbH, Westpreußenstr. 32-38, 47809 Krefeld\nFütterungsempfehlung\nPREMIERE cats love nature Deluxe Ragout ist ein Alleinfütterungsmittel (kein Zufüttern nötig). Stellen Sie Ihrer Katze immer frisches Trinkwasser bereit. Achten Sie bei der Nahrungsumstellung darauf, das bisherige Futter allmählich durch PREMIERE cats love nature Deluxe Ragout zu ersetzen (über ca. eine Woche). So sorgen Sie für optimale Verträglichkeit und Akzeptanz auch während der Umstellungsphase.\nGewicht des Tieres\nFuttermenge pro Tag\n4 kg\n200 g\nAngaben sind Richtwerte.\nInhaltsstoffe\nAnalytische Bestandteile\nProtein 8,5%, Fettgehalt 4,5%, Rohasche 1,5%, Rohfaser 0,5%.\nZusammensetzung\nFleisch und tierische Nebenerzeugnisse (10% Pute), Fisch und Fischnebenerzeugnisse (5% Thunfisch), Getreide (4% Reis), pflanzliche Nebenerzeugnisse, Mineralstoffe, Hefen (0,1% Bierhefe), 0,1% Kräuter (Petersilie, Thymian, Koriander und Dill).\nFeuchtegehalt\n82%\nZusatzstoffe pro kg\nErnährungsphysiologische Zusatzstoffe: Vitamin D3 200 IE, Vitamin E 100 mg (all rac-alpha-Tocopherylacetat), Taurin 500mg, D-(+)-Biotin 100μg Mangan (Mangan(II)-sulfat, Monohydrat) 1,5mg, Zink (Zinksulfat, Monohydrat) 5mg.\nVersandinformationen\nLieferungen erfolgen ab einem Mindestbestellwert von € 19,00 inkl. Mehrwertsteuer nach Abzug von Rabatten.\nWelche Versandkosten fallen für meine Bestellung an?\nWir berechnen € 2,99 bis zu einem Bestellwert von 29,00 €  – unabhängig von der Anzahl der Artikel und der Versandart.\nLieferungen ab 29,00 € werden mit 0,99 € Versandkosten pro Bestellung berechnet. Bei Bestellungen die ein Gesamtgewicht von 31 kg überschreiten, werden je nach Gewicht zwei oder mehrere Pakete versendet (Maximalgewicht pro Paket 31 kg). Für den erhöhten Versandaufwand berechnen wir einmalig zusätzliche Versandkosten in Höhe von 2,99 € pro Bestellung.\nLieferungen sind grundsätzlich nur innerhalb Österreichs möglich.\nDie Lieferzeit beträgt 1-3 Werktage bei Bestellungen bis 16 Uhr.\nKundenbewertungen und -rezensionen verstehen\nProduktbewertungen\nWie funktionieren Bewertungen in der Fressnapf-Gruppe (einschließlich Maxi Zoo)?\nKundenmeinungen in Form von Produkt- und Sternebewertungen sind dienlich für alle Kunden. Sie ermöglichen mehr über das Produkt zu erfahren und helfen bei Kaufentscheidung. Jeder Kunde, der ein Produkt Online oder im Markt erworben hat, kann eine Bewertung abgeben. Wir beziehen zudem Bewertungen aus Dritt-Quellen, z.B. von Hersteller-Seiten. Die Bewertungsherkunft wird an den jeweiligen Rezension ausgewiesen. Für Fressnapf ist das Meinungsbild seiner Kunden wichtig, um Schwachstellen zu analysieren und die Produktqualität zu verbessern. Alle Bewertungen werden durch unseren Dienstleister Bazaarvoice auf Vertrauenswürdigkeit geprüft. Bewertungsinhalte, die gegen die Nutzungsbedingungen der Fressnapf-Gruppe verstoßen, werden abgelehnt. Sonst erfolgt die Veröffentlichung von positiven wie auch negativen Produktbewertungen.\nHier mehr Informationen rund um Produktbewertungen\n.\nWeitere Informationen zur Verarbeitung Ihrer personenbezogenen Daten entnehmen Sie bitte unseren\nDatenschutzhinweisen\n.",
  "rating": 4.09,
  "review": 32,
  "distributor_address": "MultiFit Tiernahrungs GmbH, Westpreußenstr. 32-38, 47809 Krefeld",
  "ingredients": "Analytische Bestandteile Protein 8,5%, Fettgehalt 4,5%, Rohasche 1,5%, Rohfaser 0,5%. Zusammensetzung Fleisch und tierische Nebenerzeugnisse (10% Pute), Fisch und Fischnebenerzeugnisse (5% Thunfisch), Getreide (4% Reis), pflanzliche Nebenerzeugnisse, Mineralstoffe, Hefen (0,1% Bierhefe), 0,1% Kräuter (Petersilie, Thymian, Koriander und Dill). Feuchtegehalt 82% Zusatzstoffe pro kg Ernährungsphysiologische Zusatzstoffe: Vitamin D3 200 IE, Vitamin E 100 mg (all rac-alpha-Tocopherylacetat), Taurin 500mg, D-(+)-Biotin 100μg Mangan (Mangan(II)-sulfat, Monohydrat) 1,5mg, Zink (Zinksulfat, Monohydrat) 5mg.",
  "instock": true,
  "retail_limit": "10x"
},
{
  "_id": {
    "$oid": "66bef411a9267700a3bd01a0"
  },
  "unique_id": 1241780,
  "competitor_name": "fressnapf",
  "product_name": "PREMIERE cats love nature Deluxe Ragout mit Wild. Kaninchen & Pasta 24x100 g",
  "brand": "PREMIERE",
  "regular_price": 18.96,
  "selling_price": 18.96,
  "price_per_unit": "€7.90/kg",
  "currency": "EUR",
  "breadcrumb": "Heimat > Katze > Katzenfutter > Nassfutter > PREMIERE cats love nature Deluxe Ragout mit Wild, Kaninchen & Pasta 24x100 g",
  "pdp_url": "https://www.fressnapf.at/p/premiere-cats-love-nature-deluxe-ragout-mit-wild-kaninchen--pasta-24x100-g-1241780/",
  "variants": "{'variant': ['mit Thunfisch, Huhn & Pasta', 'Ente', 'mit Geflügel, Rind & Pasta', 'mit Pute, Thunfisch & Reis', 'mit Huhn, Lachs & Reis']}",
  "product_description": "PREMIERE\nArt.Nr.: 1241780\nPREMIERE Cats love nature Deluxe Ragout im praktischen Portionsbeutel ist ein Alleinfuttermittel für Ihren ausgewachsenen Stubentiger. Exklusiv bei Fressnapf!\nWeil Katzen die Natur lieben - die wertvollen Zutaten von PREMIERE Cats love Deluxe Ragout sind der pure Genuss für Ihren Liebling. Entdecken Sie die neuen Geschmacksvariationen für Ihren kleinen Feinschmecker.\n- Enthält funktionelle Zutaten wie z.B. Apfeltrester, Granatapfelkerne oder Bierhefe\n- Taurin kann zur Stärkung der Sehkraft beitragen und den Herzmuskel unterstützen\n*Schmeckt nicht? Mit unserer\nQualitätsgarantie\nbekommst du dein Geld zurück und suchst dir einfach ein anderes Futter aus.\nAlleinfuttermittel für ausgewachseneKatzen. Weitere Informationen erhalten Sie hier:\ninfo@fressnapf.com\nInverkehrbringer\nMultiFit Tiernahrungs GmbH, Westpreußenstr. 32-38, 47809 Krefeld\nFütterungsempfehlung\nPREMIERE cats love nature Deluxe Ragout ist ein Alleinfütterungsmittel (kein Zufüttern nötig). Stellen Sie Ihrer Katze immer frisches Trinkwasser bereit. Achten Sie bei der Nahrungsumstellung darauf, das bisherige Futter allmählich durch PREMIERE cats love nature Deluxe Ragout zu ersetzen (über ca. eine Woche). So sorgen Sie für optimale Verträglichkeit und Akzeptanz auch während der Umstellungsphase.\nGewicht des Tieres\nFuttermenge pro Tag\n4 kg\n200 g\nAngaben sind Richtwerte.\nInhaltsstoffe\nAnalytische Bestandteile\nProtein 8,5%, Fettgehalt 4,5%, Rohasche 1,5%, Rohfaser 0,5%.\nZusammensetzung\nFleisch und tierische Nebenerzeugnisse (5% Wild, 5% Kaninchen), Bäckereierzeugnisse (4% Pasta), pflanzliche Nebenerzeugnisse (0,1% Gartenkräuter, 0,1% Granatapfelkernmehl), Mineralstoffe.\nFeuchtegehalt\n82%\nZusatzstoffe pro kg\nErnährungsphysiologische Zusatzstoffe: Vitamin D3 200 IE, Vitamin E 100 mg (all rac-alpha-Tocopherylacetat), Taurin 500mg, D-(+)-Biotin 100μg Mangan (Mangan(II)-sulfat, Monohydrat) 1,5mg, Zink (Zinksulfat, Monohydrat) 5mg.\nVersandinformationen\nLieferungen erfolgen ab einem Mindestbestellwert von € 19,00 inkl. Mehrwertsteuer nach Abzug von Rabatten.\nWelche Versandkosten fallen für meine Bestellung an?\nWir berechnen € 2,99 bis zu einem Bestellwert von 29,00 €  – unabhängig von der Anzahl der Artikel und der Versandart.\nLieferungen ab 29,00 € werden mit 0,99 € Versandkosten pro Bestellung berechnet. Bei Bestellungen die ein Gesamtgewicht von 31 kg überschreiten, werden je nach Gewicht zwei oder mehrere Pakete versendet (Maximalgewicht pro Paket 31 kg). Für den erhöhten Versandaufwand berechnen wir einmalig zusätzliche Versandkosten in Höhe von 2,99 € pro Bestellung.\nLieferungen sind grundsätzlich nur innerhalb Österreichs möglich.\nDie Lieferzeit beträgt 1-3 Werktage bei Bestellungen bis 16 Uhr.\nKundenbewertungen und -rezensionen verstehen\nProduktbewertungen\nWie funktionieren Bewertungen in der Fressnapf-Gruppe (einschließlich Maxi Zoo)?\nKundenmeinungen in Form von Produkt- und Sternebewertungen sind dienlich für alle Kunden. Sie ermöglichen mehr über das Produkt zu erfahren und helfen bei Kaufentscheidung. Jeder Kunde, der ein Produkt Online oder im Markt erworben hat, kann eine Bewertung abgeben. Wir beziehen zudem Bewertungen aus Dritt-Quellen, z.B. von Hersteller-Seiten. Die Bewertungsherkunft wird an den jeweiligen Rezension ausgewiesen. Für Fressnapf ist das Meinungsbild seiner Kunden wichtig, um Schwachstellen zu analysieren und die Produktqualität zu verbessern. Alle Bewertungen werden durch unseren Dienstleister Bazaarvoice auf Vertrauenswürdigkeit geprüft. Bewertungsinhalte, die gegen die Nutzungsbedingungen der Fressnapf-Gruppe verstoßen, werden abgelehnt. Sonst erfolgt die Veröffentlichung von positiven wie auch negativen Produktbewertungen.\nHier mehr Informationen rund um Produktbewertungen\n.\nWeitere Informationen zur Verarbeitung Ihrer personenbezogenen Daten entnehmen Sie bitte unseren\nDatenschutzhinweisen\n.",
  "rating": 4.09,
  "review": 32,
  "distributor_address": "MultiFit Tiernahrungs GmbH, Westpreußenstr. 32-38, 47809 Krefeld",
  "ingredients": "Analytische Bestandteile Protein 8,5%, Fettgehalt 4,5%, Rohasche 1,5%, Rohfaser 0,5%. Zusammensetzung Fleisch und tierische Nebenerzeugnisse (5% Wild, 5% Kaninchen), Bäckereierzeugnisse (4% Pasta), pflanzliche Nebenerzeugnisse (0,1% Gartenkräuter, 0,1% Granatapfelkernmehl), Mineralstoffe. Feuchtegehalt 82% Zusatzstoffe pro kg Ernährungsphysiologische Zusatzstoffe: Vitamin D3 200 IE, Vitamin E 100 mg (all rac-alpha-Tocopherylacetat), Taurin 500mg, D-(+)-Biotin 100μg Mangan (Mangan(II)-sulfat, Monohydrat) 1,5mg, Zink (Zinksulfat, Monohydrat) 5mg.",
  "instock": true,
  "retail_limit": "10x"
},
{
  "_id": {
    "$oid": "66bef411a9267700a3bd01a1"
  },
  "unique_id": 1241781,
  "competitor_name": "fressnapf",
  "product_name": "PREMIERE cats love nature Deluxe Ragout mit Geflügel. Rind & Pasta 24x100 g",
  "brand": "PREMIERE",
  "regular_price": 18.96,
  "selling_price": 18.96,
  "price_per_unit": "€7.90/kg",
  "currency": "EUR",
  "breadcrumb": "Heimat > Katze > Katzenfutter > Nassfutter > PREMIERE cats love nature Deluxe Ragout mit Geflügel, Rind & Pasta 24x100 g",
  "pdp_url": "https://www.fressnapf.at/p/premiere-cats-love-nature-deluxe-ragout-mit-gefluegel-rind--pasta-24x100-g-1241781/",
  "variants": "{'variant': ['mit Thunfisch, Huhn & Pasta', 'Ente', 'mit Wild, Kaninchen & Pasta', 'mit Pute, Thunfisch & Reis', 'mit Huhn, Lachs & Reis']}",
  "product_description": "PREMIERE\nArt.Nr.: 1241781\nPREMIERE Cats love nature Deluxe Ragout im praktischen Portionsbeutel ist ein Alleinfuttermittel für Ihren ausgewachsenen Stubentiger. Exklusiv bei Fressnapf!\nWeil Katzen die Natur lieben - die wertvollen Zutaten von PREMIERE Cats love Deluxe Ragout sind der pure Genuss für Ihren Liebling. Entdecken Sie die neuen Geschmacksvariationen für Ihren kleinen Feinschmecker.\n- Enthält funktionelle Zutaten wie z.B. Apfeltrester, Granatapfelkerne oder Bierhefe\n- Taurin kann zur Stärkung der Sehkraft beitragen und den Herzmuskel unterstützen\n*Schmeckt nicht? Mit unserer\nQualitätsgarantie\nbekommst du dein Geld zurück und suchst dir einfach ein anderes Futter aus.\nAlleinfuttermittel für ausgewachseneKatzen. Weitere Informationen erhalten Sie hier:\ninfo@fressnapf.com\nInverkehrbringer\nMultiFit Tiernahrungs GmbH, Westpreußenstr. 32-38, 47809 Krefeld\nFütterungsempfehlung\nPREMIERE cats love nature Deluxe Ragout ist ein Alleinfütterungsmittel (kein Zufüttern nötig). Stellen Sie Ihrer Katze immer frisches Trinkwasser bereit. Achten Sie bei der Nahrungsumstellung darauf, das bisherige Futter allmählich durch PREMIERE cats love nature Deluxe Ragout zu ersetzen (über ca. eine Woche). So sorgen Sie für optimale Verträglichkeit und Akzeptanz auch während der Umstellungsphase.\nGewicht des Tieres\nFuttermenge pro Tag\n4 kg\n200 g\nAngaben sind Richtwerte.\nInhaltsstoffe\nAnalytische Bestandteile\nProtein 8,5%, Fettgehalt 4,5%, Rohasche 1,5%, Rohfaser 0,5%.\nZusammensetzung\nFleisch und tierische Nebenerzeugnisse (14% Geflügel, 5% Rind), Bäckereierzeugnisse (4% Pasta), pflanzliche Nebenerzeugnisse (0,1% Apfeltrester), Mineralstoffe, 0,1% Kräuter (Petersilie, Thymian, Koriander, Dill).\nFeuchtegehalt\n82%\nZusatzstoffe pro kg\nErnährungsphysiologische Zusatzstoffe: Vitamin D3 200 IE, Vitamin E 100 mg (all rac-alpha-Tocopherylacetat), Taurin 500mg, D-(+)-Biotin 100μg Mangan (Mangan(II)-sulfat, Monohydrat) 1,5mg, Zink (Zinksulfat, Monohydrat) 5mg.\nVersandinformationen\nLieferungen erfolgen ab einem Mindestbestellwert von € 19,00 inkl. Mehrwertsteuer nach Abzug von Rabatten.\nWelche Versandkosten fallen für meine Bestellung an?\nWir berechnen € 2,99 bis zu einem Bestellwert von 29,00 €  – unabhängig von der Anzahl der Artikel und der Versandart.\nLieferungen ab 29,00 € werden mit 0,99 € Versandkosten pro Bestellung berechnet. Bei Bestellungen die ein Gesamtgewicht von 31 kg überschreiten, werden je nach Gewicht zwei oder mehrere Pakete versendet (Maximalgewicht pro Paket 31 kg). Für den erhöhten Versandaufwand berechnen wir einmalig zusätzliche Versandkosten in Höhe von 2,99 € pro Bestellung.\nLieferungen sind grundsätzlich nur innerhalb Österreichs möglich.\nDie Lieferzeit beträgt 1-3 Werktage bei Bestellungen bis 16 Uhr.\nKundenbewertungen und -rezensionen verstehen\nProduktbewertungen\nWie funktionieren Bewertungen in der Fressnapf-Gruppe (einschließlich Maxi Zoo)?\nKundenmeinungen in Form von Produkt- und Sternebewertungen sind dienlich für alle Kunden. Sie ermöglichen mehr über das Produkt zu erfahren und helfen bei Kaufentscheidung. Jeder Kunde, der ein Produkt Online oder im Markt erworben hat, kann eine Bewertung abgeben. Wir beziehen zudem Bewertungen aus Dritt-Quellen, z.B. von Hersteller-Seiten. Die Bewertungsherkunft wird an den jeweiligen Rezension ausgewiesen. Für Fressnapf ist das Meinungsbild seiner Kunden wichtig, um Schwachstellen zu analysieren und die Produktqualität zu verbessern. Alle Bewertungen werden durch unseren Dienstleister Bazaarvoice auf Vertrauenswürdigkeit geprüft. Bewertungsinhalte, die gegen die Nutzungsbedingungen der Fressnapf-Gruppe verstoßen, werden abgelehnt. Sonst erfolgt die Veröffentlichung von positiven wie auch negativen Produktbewertungen.\nHier mehr Informationen rund um Produktbewertungen\n.\nWeitere Informationen zur Verarbeitung Ihrer personenbezogenen Daten entnehmen Sie bitte unseren\nDatenschutzhinweisen\n.",
  "rating": 4.09,
  "review": 32,
  "distributor_address": "MultiFit Tiernahrungs GmbH, Westpreußenstr. 32-38, 47809 Krefeld",
  "ingredients": "Analytische Bestandteile Protein 8,5%, Fettgehalt 4,5%, Rohasche 1,5%, Rohfaser 0,5%. Zusammensetzung Fleisch und tierische Nebenerzeugnisse (14% Geflügel, 5% Rind), Bäckereierzeugnisse (4% Pasta), pflanzliche Nebenerzeugnisse (0,1% Apfeltrester), Mineralstoffe, 0,1% Kräuter (Petersilie, Thymian, Koriander, Dill). Feuchtegehalt 82% Zusatzstoffe pro kg Ernährungsphysiologische Zusatzstoffe: Vitamin D3 200 IE, Vitamin E 100 mg (all rac-alpha-Tocopherylacetat), Taurin 500mg, D-(+)-Biotin 100μg Mangan (Mangan(II)-sulfat, Monohydrat) 1,5mg, Zink (Zinksulfat, Monohydrat) 5mg.",
  "instock": true,
  "retail_limit": "10x"
},
{
  "_id": {
    "$oid": "66bef411a9267700a3bd01a2"
  },
  "unique_id": 1313260,
  "competitor_name": "fressnapf",
  "product_name": "PREMIERE cats love nature Deluxe Ragout Ente 24x100 g",
  "brand": "PREMIERE",
  "regular_price": 18.96,
  "selling_price": 18.96,
  "price_per_unit": "€7.90/kg",
  "currency": "EUR",
  "breadcrumb": "Heimat > Katze > Katzenfutter > Nassfutter > PREMIERE cats love nature Deluxe Ragout Ente 24x100 g",
  "pdp_url": "https://www.fressnapf.at/p/premiere-cats-love-nature-deluxe-ragout-ente-24x100-g-1313260/",
  "variants": "{'variant': ['mit Wild, Kaninchen & Pasta', 'mit Geflügel, Rind & Pasta', 'mit Pute, Thunfisch & Reis', 'mit Huhn, Lachs & Reis', 'mit Thunfisch, Huhn & Pasta']}",
  "product_description": "PREMIERE\nArt.Nr.: 1313260\nPREMIERE Cats love nature Deluxe Ragout im praktischen Portionsbeutel ist ein Alleinfuttermittel für Ihren ausgewachsenen Stubentiger. Exklusiv bei Fressnapf!\nWeil Katzen die Natur lieben - die wertvollen Zutaten von PREMIERE Cats love Deluxe Ragout sind der pure Genuss für Ihren Liebling. Entdecken Sie die neuen Geschmacksvariationen für Ihren kleinen Feinschmecker.\n- Enthält funktionelle Zutaten wie z.B. Apfeltrester, Granatapfelkerne oder Bierhefe\n- Taurin kann zur Stärkung der Sehkraft beitragen und den Herzmuskel unterstützen\n*Schmeckt nicht? Mit unserer\nQualitätsgarantie\nbekommst du dein Geld zurück und suchst dir einfach ein anderes Futter aus.\nAlleinfuttermittel für ausgewachseneKatzen. Weitere Informationen erhalten Sie hier:\ninfo@fressnapf.com\nInverkehrbringer\nMultiFit Tiernahrungs GmbH, Westpreußenstr. 32-38, 47809 Krefeld\nFütterungsempfehlung\nGewicht des Tieres\nFuttermenge pro Tag\n4 kg\n200 g\nPREMIERE cats love nature Deluxe Ragout ist ein Alleinfütterungsmittel (kein Zufüttern nötig). Stellen Sie Ihrer Katze immer frisches Trinkwasser bereit. Achten Sie bei der Nahrungsumstellung darauf, das bisherige Futter allmählich durch PREMIERE cats love nature Deluxe Ragout zu ersetzen (über ca. eine Woche). So sorgen Sie für optimale Verträglichkeit und Akzeptanz auch während der Umstellungsphase.\nRichtwert zur Fütterung:Gewicht der Katze: 4kg = 200g pro Tag\nInhaltsstoffe\nAnalytische Bestandteile\nProtein 8,5%, Fettgehalt 4,5%, Rohasche 1,5%, Rohfaser 0,5%.\nFeuchtegehalt: 82%\nZusammensetzung\nFleisch und tierische Nebenerzeugnisse (14% Ente), pflanzliche Nebenerzeugnisse (0,1% Apfeltrester), Mineralstoffe, 0,025% Petersilie, 0,025% Thymian, 0,025% Koriander, 0,025% Dill.\nFeuchtegehalt\n82%\nZusatzstoffe pro kg\nErnährungsphysiologische Zusatzstoffe: Vitamin D3 200 IE, Taurin 500 mg, Mangan (Mangan(II)-sulfat, Monohydrat) 3 mg, Zink (Zinksulfat, Monohydrat) 20 mg.\nVersandinformationen\nLieferungen erfolgen ab einem Mindestbestellwert von € 19,00 inkl. Mehrwertsteuer nach Abzug von Rabatten.\nWelche Versandkosten fallen für meine Bestellung an?\nWir berechnen € 2,99 bis zu einem Bestellwert von 29,00 €  – unabhängig von der Anzahl der Artikel und der Versandart.\nLieferungen ab 29,00 € werden mit 0,99 € Versandkosten pro Bestellung berechnet. Bei Bestellungen die ein Gesamtgewicht von 31 kg überschreiten, werden je nach Gewicht zwei oder mehrere Pakete versendet (Maximalgewicht pro Paket 31 kg). Für den erhöhten Versandaufwand berechnen wir einmalig zusätzliche Versandkosten in Höhe von 2,99 € pro Bestellung.\nLieferungen sind grundsätzlich nur innerhalb Österreichs möglich.\nDie Lieferzeit beträgt 1-3 Werktage bei Bestellungen bis 16 Uhr.\nKundenbewertungen und -rezensionen verstehen\nProduktbewertungen\nWie funktionieren Bewertungen in der Fressnapf-Gruppe (einschließlich Maxi Zoo)?\nKundenmeinungen in Form von Produkt- und Sternebewertungen sind dienlich für alle Kunden. Sie ermöglichen mehr über das Produkt zu erfahren und helfen bei Kaufentscheidung. Jeder Kunde, der ein Produkt Online oder im Markt erworben hat, kann eine Bewertung abgeben. Wir beziehen zudem Bewertungen aus Dritt-Quellen, z.B. von Hersteller-Seiten. Die Bewertungsherkunft wird an den jeweiligen Rezension ausgewiesen. Für Fressnapf ist das Meinungsbild seiner Kunden wichtig, um Schwachstellen zu analysieren und die Produktqualität zu verbessern. Alle Bewertungen werden durch unseren Dienstleister Bazaarvoice auf Vertrauenswürdigkeit geprüft. Bewertungsinhalte, die gegen die Nutzungsbedingungen der Fressnapf-Gruppe verstoßen, werden abgelehnt. Sonst erfolgt die Veröffentlichung von positiven wie auch negativen Produktbewertungen.\nHier mehr Informationen rund um Produktbewertungen\n.\nWeitere Informationen zur Verarbeitung Ihrer personenbezogenen Daten entnehmen Sie bitte unseren\nDatenschutzhinweisen\n.",
  "rating": 4.09,
  "review": 32,
  "distributor_address": "MultiFit Tiernahrungs GmbH, Westpreußenstr. 32-38, 47809 Krefeld",
  "ingredients": "Analytische Bestandteile Protein 8,5%, Fettgehalt 4,5%, Rohasche 1,5%, Rohfaser 0,5%. Feuchtegehalt: 82% Zusammensetzung Fleisch und tierische Nebenerzeugnisse (14% Ente), pflanzliche Nebenerzeugnisse (0,1% Apfeltrester), Mineralstoffe, 0,025% Petersilie, 0,025% Thymian, 0,025% Koriander, 0,025% Dill. Feuchtegehalt 82% Zusatzstoffe pro kg Ernährungsphysiologische Zusatzstoffe: Vitamin D3 200 IE, Taurin 500 mg, Mangan (Mangan(II)-sulfat, Monohydrat) 3 mg, Zink (Zinksulfat, Monohydrat) 20 mg.",
  "instock": true,
  "retail_limit": "5x"
},
{
  "_id": {
    "$oid": "66bef411a9267700a3bd01a3"
  },
  "unique_id": 1232317001,
  "competitor_name": "fressnapf",
  "product_name": "bosch Active 15 kg",
  "brand": "bosch",
  "regular_price": 33.49,
  "selling_price": 33.49,
  "price_per_unit": "€2.23/kg",
  "currency": "EUR",
  "breadcrumb": "Heimat > Hund > Hundefutter > Hundetrockenfutter > bosch Active 15 kg",
  "pdp_url": "https://www.fressnapf.at/p/bosch-active-15-kg-1232317001/",
  "product_description": "bosch\nArt.Nr.: 1232317001\nBosch ACTIVE ist ideal für erwachsene Hunde mit erhöhtem Energiebedarf zur Unterstützung der optimalen Ausdauer und Leistungsfähigkeit. (z.B. Hunde im Wach- und Schutzdienst, Sporthunde)\nBosch ACTIVE hat einen hohen Anteil an frischem Geflügel (min. 25 %) als hochwertige tierische Eiweißquelle und wird ohne Weizen hergestellt.\nDurch den Einsatz eines Immun-Komplexes aus Mannanen und Glucanen wird die Darmflora stabilisiert sowie das Immunsystem gestärkt.\nKnorpel und Gelenke werden durch die enthaltenen Muschelextrakte unterstützt.\nDie Vorteile im Überblick:\nmit viel frischem Geflügel (min. 25 %)\nMuschelextrakte für Knorpel und Gelenke\nmit Mannanen und Glucanen zur Stabilisierung der Darmflora und Immunabwehr\nerhöhte Energiekonzentration für Leistungshunde\nAlleinfuttermittel für Hunde, weitere Informationen erhalten Sie hier: info@bosch-tiernahrung.de\nInverkehrbringer\nbosch Tiernahrung GmbH & Co. KG, Engelhardshauser Str. 55+57, 74572 Blaufelden-Wiesenbach",
  "rating": 4.72,
  "review": 185,
  "distributor_address": "bosch Tiernahrung GmbH & Co. KG, Engelhardshauser Str. 55+57, 74572 Blaufelden-Wiesenbach",
  "ingredients": "Analytische Bestandteile Protein 25,0 %, Fettgehalt 16,0 %, Rohfaser 2,5 %, Rohasche 6,6 %, Phosphor 1,0 %, Calcium 1,25 %, Natrium 0,25 %, Kalium 0,50 %, Magnesium 0,12 %. Zusammensetzung Frisches Geflügel (30 %), Gerste, Mais, Geflügelprotein (getrocknet), Hirse, Geflügelfett, Schweineprotein (getrocknet), Rübentrockenschnitzel (entzuckert), Proteinhydrolysat, Leinsamen, Fischmehl, Erbsen (getrocknet), Fischöl, Hefe (getrocknet, 0,1 % Mannanoligosaccharide, 0,06 % Beta-Glucane), Natriumchlorid, Grünlippmuschelextrakt (0,1 %), Kaliumchlorid, Chicorée (getrocknet) Feuchtegehalt 8% Zusatzstoffe pro kg Ernährungsphysiologische Zusatzstoffe je kg Vitamin A 12.000 I.E., Vitamin D3 1.200 I.E., Vitamin B1 10 mg, Vitamin B2 10 mg, Vitamin B6 6 mg, Vitamin B12 30 mcg, Biotin 250 mcg, Pantothensäure 20 mg, Niacin 40 mg, Folsäure 2,0 mg, Vitamin C 70 mg, Cholinchlorid 1.650 mg, Vitamin E 70 mg, L-Carnitin 200,0 mg. Spurenelemente je kg Zink (als Aminosäure-Zinkchelat Hydrat) 75 mg, Kupfer (als Kupfer(II)-sulfat-Pentahydrat) 10 mg, Mangan 10 mg, Jod (als Kalziumjodat, wasserfrei) 2,0 mg, Selen (als Natriumselenit) 0,2 mg, Zink (als Zinkoxid) 70 mg, Eisen 170 mg. Technologische Zusatzstoffe: Antioxidationsmittel",
  "instock": true,
  "retail_limit": "10x"
},
{
  "_id": {
    "$oid": "66bef411a9267700a3bd01a4"
  },
  "unique_id": 1243365,
  "competitor_name": "fressnapf",
  "product_name": "PREMIERE Meati Sensitive Huhn pur 6x800 g",
  "brand": "PREMIERE",
  "regular_price": 20.34,
  "selling_price": 20.34,
  "price_per_unit": "€4.24/kg",
  "currency": "EUR",
  "breadcrumb": "Heimat > Hund > Hundefutter > Hundenassfutter > PREMIERE Meati Sensitive Huhn pur 6x800 g",
  "pdp_url": "https://www.fressnapf.at/p/premiere-meati-sensitive-huhn-pur-6x800-g-1243365/",
  "variants": "{'variant': ['Pferd pur', 'Huhn & Kartoffel', 'Pferd & Kartoffeln', 'Rind pur', 'Lamm & Kartoffel', 'Lamm pur', 'Ente pur', 'Rind & Kartoffel']}",
  "product_description": "PREMIERE\nArt.Nr.: 1243365\nPREMIERE Meati Sensitive - für ernährungssensible Hunde sowie bei Futtermittelunverträglichkeiten\nBesonders abgestimmtes Nassfutter, das sich durch folgende Vorteile auszeichnet:\nNur ein ausgewähltes Protein in der Rezeptur\nDie\nPur-Sorten\nohne pflanzliche Kohlenhydrate eignen sich besonders für Hunde, die auf Reis, Getreide oder Kartoffeln reagieren\nFür ernährungssensible Hunde geeignet\nHergestellt in Deutschland\nDie getreide- und glutenfreie Rezeptur trägt zur Schonung des Magen-Darm-Trakts und zu einer optimalen Verdauung bei und ist ideal bei Futtermittelunverträglichkeiten.\n*Schmeckt nicht? Mit unserer\nQualitätsgarantie\nbekommst du dein Geld zurück und suchst dir einfach ein anderes Futter aus.\nAlleinfuttermittel für ausgewachsene, ernährungssensible Hunde, weitere Informationen erhalten Sie hier: info@fressnapf.com\nFütterungsempfehlung\nGewicht des Tieres\nFuttermenge pro Tag\n10 kg\n470 g\n15 kg\n640 g\n20 kg\n790 g\n25 kg\n940 g\n30 kg\n1070 g\n35 kg\n1210 g\n40 kg\n1330 g\n45 kg\n1460 g\n50 kg\n1580 g\n60 kg\n1810 g\n70 kg\n2030 g\n80 kg\n2240 g\nInhaltsstoffe\nAnalytische Bestandteile\nProtein 10,5%, Fettgehalt 5,1%, Rohasche 2,3%, Rohfaser 0,4%, Calcium 0,3%, Phosphor 0,25%\nZusammensetzung\n65% Huhn (Herzen, 15% Muskelfleisch, Lebern, Mägen, Hälse), 1% Mineralstoffe, 0,5% Leinöl\nFeuchtegehalt\n80%\nZusatzstoffe pro kg\nErnährungsphysiologische Zusatzstoffe/kg: Vitamin D3 200 IE, Kupfer (Kupfer(II)-sulfat, Pentahydrat) 1mg, Jod (Kalziumjodat, wasserfrei) 0,75mg, Mangan (Mangan(II)-sulfat, Monohydrat) 1,4mg, Zink (Zinksulfat, Monohydrat) 25mg Kann Spuren anderer Zutaten enthalten\nVersandinformationen\nLieferungen erfolgen ab einem Mindestbestellwert von € 19,00 inkl. Mehrwertsteuer nach Abzug von Rabatten.\nWelche Versandkosten fallen für meine Bestellung an?\nWir berechnen € 2,99 bis zu einem Bestellwert von 29,00 €  – unabhängig von der Anzahl der Artikel und der Versandart.\nLieferungen ab 29,00 € werden mit 0,99 € Versandkosten pro Bestellung berechnet. Bei Bestellungen die ein Gesamtgewicht von 31 kg überschreiten, werden je nach Gewicht zwei oder mehrere Pakete versendet (Maximalgewicht pro Paket 31 kg). Für den erhöhten Versandaufwand berechnen wir einmalig zusätzliche Versandkosten in Höhe von 2,99 € pro Bestellung.\nLieferungen sind grundsätzlich nur innerhalb Österreichs möglich.\nDie Lieferzeit beträgt 1-3 Werktage bei Bestellungen bis 16 Uhr.\nKundenbewertungen und -rezensionen verstehen\nProduktbewertungen\nWie funktionieren Bewertungen in der Fressnapf-Gruppe (einschließlich Maxi Zoo)?\nKundenmeinungen in Form von Produkt- und Sternebewertungen sind dienlich für alle Kunden. Sie ermöglichen mehr über das Produkt zu erfahren und helfen bei Kaufentscheidung. Jeder Kunde, der ein Produkt Online oder im Markt erworben hat, kann eine Bewertung abgeben. Wir beziehen zudem Bewertungen aus Dritt-Quellen, z.B. von Hersteller-Seiten. Die Bewertungsherkunft wird an den jeweiligen Rezension ausgewiesen. Für Fressnapf ist das Meinungsbild seiner Kunden wichtig, um Schwachstellen zu analysieren und die Produktqualität zu verbessern. Alle Bewertungen werden durch unseren Dienstleister Bazaarvoice auf Vertrauenswürdigkeit geprüft. Bewertungsinhalte, die gegen die Nutzungsbedingungen der Fressnapf-Gruppe verstoßen, werden abgelehnt. Sonst erfolgt die Veröffentlichung von positiven wie auch negativen Produktbewertungen.\nHier mehr Informationen rund um Produktbewertungen\n.\nWeitere Informationen zur Verarbeitung Ihrer personenbezogenen Daten entnehmen Sie bitte unseren\nDatenschutzhinweisen\n.",
  "rating": 4.28,
  "review": 687,
  "ingredients": "Analytische Bestandteile Protein 10,5%, Fettgehalt 5,1%, Rohasche 2,3%, Rohfaser 0,4%, Calcium 0,3%, Phosphor 0,25% Zusammensetzung 65% Huhn (Herzen, 15% Muskelfleisch, Lebern, Mägen, Hälse), 1% Mineralstoffe, 0,5% Leinöl Feuchtegehalt 80% Zusatzstoffe pro kg Ernährungsphysiologische Zusatzstoffe/kg: Vitamin D3 200 IE, Kupfer (Kupfer(II)-sulfat, Pentahydrat) 1mg, Jod (Kalziumjodat, wasserfrei) 0,75mg, Mangan (Mangan(II)-sulfat, Monohydrat) 1,4mg, Zink (Zinksulfat, Monohydrat) 25mg Kann Spuren anderer Zutaten enthalten",
  "instock": true,
  "retail_limit": "10x"
},
{
  "_id": {
    "$oid": "66bef411a9267700a3bd01a5"
  },
  "unique_id": 1312250,
  "competitor_name": "fressnapf",
  "product_name": "PREMIERE cats love nature Deluxe Ragout mit Thunfisch. Huhn & Pasta 24x100 g",
  "brand": "PREMIERE",
  "regular_price": 18.96,
  "selling_price": 18.96,
  "price_per_unit": "€7.90/kg",
  "currency": "EUR",
  "breadcrumb": "Heimat > Katze > Katzenfutter > Nassfutter > PREMIERE cats love nature Deluxe Ragout mit Thunfisch, Huhn & Pasta 24x100 g",
  "pdp_url": "https://www.fressnapf.at/p/premiere-cats-love-nature-deluxe-ragout-mit-thunfisch-huhn--pasta-24x100-g-1312250/",
  "variants": "{'variant': ['Ente', 'mit Geflügel, Rind & Pasta', 'mit Wild, Kaninchen & Pasta', 'mit Huhn, Lachs & Reis', 'mit Pute, Thunfisch & Reis']}",
  "product_description": "PREMIERE\nArt.Nr.: 1312250\nPREMIERE Cats love nature Deluxe Ragout im praktischen Portionsbeutel ist ein Alleinfuttermittel für Ihren ausgewachsenen Stubentiger. Exklusiv bei Fressnapf!\nWeil Katzen die Natur lieben - die wertvollen Zutaten von PREMIERE Cats love Deluxe Ragout sind der pure Genuss für Ihren Liebling. Entdecken Sie die neuen Geschmacksvariationen für Ihren kleinen Feinschmecker.\n- Enthält funktionelle Zutaten wie z.B. Apfeltrester, Granatapfelkerne oder Bierhefe\n- Taurin kann zur Stärkung der Sehkraft beitragen und den Herzmuskel unterstützen\n*Schmeckt nicht? Mit unserer\nQualitätsgarantie\nbekommst du dein Geld zurück und suchst dir einfach ein anderes Futter aus.\nAlleinfuttermittel für ausgewachseneKatzen. Weitere Informationen erhalten Sie hier:\ninfo@fressnapf.com\nInverkehrbringer\nMultiFit Tiernahrungs GmbH, Westpreußenstr. 32-38, 47809 Krefeld\nFütterungsempfehlung\nGewicht des Tieres\nFuttermenge pro Tag\n4 kg\n200 g\nPREMIERE cats love nature Deluxe Ragout ist ein Alleinfütterungsmittel (kein Zufüttern nötig). Stellen Sie Ihrer Katze immer frisches Trinkwasser bereit. Achten Sie bei der Nahrungsumstellung darauf, das bisherige Futter allmählich durch PREMIERE cats love nature Deluxe Ragout zu ersetzen (über ca. eine Woche). So sorgen Sie für optimale Verträglichkeit und Akzeptanz auch während der Umstellungsphase.\nRichtwert zur Fütterung:Gewicht der Katze: 4kg = 200g pro Tag\nAngaben sind Richtwerte.\nInhaltsstoffe\nAnalytische Bestandteile\nProtein 8,5%, Fettgehalt 4,5%, Rohasche 1,5%, Rohfaser 0,5%.\nFeuchtegehalt: 82%\nZusammensetzung\nFleisch und tierische Nebenerzeugnisse (10% Pute), Fisch und Fischnebenerzeugnisse (5% Thunfisch), Getreide (4% Reis), pflanzliche Nebenerzeugnisse, Mineralstoffe, Hefen (0,1% Bierhefe), 0,1% Kräuter (Petersilie, Thymian, Koriander und Dill).\nFeuchtegehalt\n82%\nZusatzstoffe pro kg\nErnährungsphysiologische Zusatzstoffe: Vitamin D3 200 IE, Vitamin E 100 mg (all rac-alpha-Tocopherylacetat), Taurin 500mg, D-(+)-Biotin 100μg Mangan (Mangan(II)-sulfat, Monohydrat) 1,5mg, Zink (Zinksulfat, Monohydrat) 5mg.\nVersandinformationen\nLieferungen erfolgen ab einem Mindestbestellwert von € 19,00 inkl. Mehrwertsteuer nach Abzug von Rabatten.\nWelche Versandkosten fallen für meine Bestellung an?\nWir berechnen € 2,99 bis zu einem Bestellwert von 29,00 €  – unabhängig von der Anzahl der Artikel und der Versandart.\nLieferungen ab 29,00 € werden mit 0,99 € Versandkosten pro Bestellung berechnet. Bei Bestellungen die ein Gesamtgewicht von 31 kg überschreiten, werden je nach Gewicht zwei oder mehrere Pakete versendet (Maximalgewicht pro Paket 31 kg). Für den erhöhten Versandaufwand berechnen wir einmalig zusätzliche Versandkosten in Höhe von 2,99 € pro Bestellung.\nLieferungen sind grundsätzlich nur innerhalb Österreichs möglich.\nDie Lieferzeit beträgt 1-3 Werktage bei Bestellungen bis 16 Uhr.\nKundenbewertungen und -rezensionen verstehen\nProduktbewertungen\nWie funktionieren Bewertungen in der Fressnapf-Gruppe (einschließlich Maxi Zoo)?\nKundenmeinungen in Form von Produkt- und Sternebewertungen sind dienlich für alle Kunden. Sie ermöglichen mehr über das Produkt zu erfahren und helfen bei Kaufentscheidung. Jeder Kunde, der ein Produkt Online oder im Markt erworben hat, kann eine Bewertung abgeben. Wir beziehen zudem Bewertungen aus Dritt-Quellen, z.B. von Hersteller-Seiten. Die Bewertungsherkunft wird an den jeweiligen Rezension ausgewiesen. Für Fressnapf ist das Meinungsbild seiner Kunden wichtig, um Schwachstellen zu analysieren und die Produktqualität zu verbessern. Alle Bewertungen werden durch unseren Dienstleister Bazaarvoice auf Vertrauenswürdigkeit geprüft. Bewertungsinhalte, die gegen die Nutzungsbedingungen der Fressnapf-Gruppe verstoßen, werden abgelehnt. Sonst erfolgt die Veröffentlichung von positiven wie auch negativen Produktbewertungen.\nHier mehr Informationen rund um Produktbewertungen\n.\nWeitere Informationen zur Verarbeitung Ihrer personenbezogenen Daten entnehmen Sie bitte unseren\nDatenschutzhinweisen\n.",
  "rating": 4.09,
  "review": 32,
  "distributor_address": "MultiFit Tiernahrungs GmbH, Westpreußenstr. 32-38, 47809 Krefeld",
  "ingredients": "Analytische Bestandteile Protein 8,5%, Fettgehalt 4,5%, Rohasche 1,5%, Rohfaser 0,5%. Feuchtegehalt: 82% Zusammensetzung Fleisch und tierische Nebenerzeugnisse (10% Pute), Fisch und Fischnebenerzeugnisse (5% Thunfisch), Getreide (4% Reis), pflanzliche Nebenerzeugnisse, Mineralstoffe, Hefen (0,1% Bierhefe), 0,1% Kräuter (Petersilie, Thymian, Koriander und Dill). Feuchtegehalt 82% Zusatzstoffe pro kg Ernährungsphysiologische Zusatzstoffe: Vitamin D3 200 IE, Vitamin E 100 mg (all rac-alpha-Tocopherylacetat), Taurin 500mg, D-(+)-Biotin 100μg Mangan (Mangan(II)-sulfat, Monohydrat) 1,5mg, Zink (Zinksulfat, Monohydrat) 5mg.",
  "instock": true,
  "retail_limit": "10x"
},
{
  "_id": {
    "$oid": "66bef411a9267700a3bd01a6"
  },
  "unique_id": 1242446,
  "competitor_name": "fressnapf",
  "product_name": "AniOne Grasball Hanna",
  "brand": "AniOne",
  "regular_price": 4.49,
  "selling_price": 4.49,
  "currency": "EUR",
  "breadcrumb": "Heimat > Kleintier > Kleintierspielzeug > Futterlabyrinthe & Futterbälle > AniOne Grasball Hanna",
  "pdp_url": "https://www.fressnapf.at/p/anione-grasball-hanna-1242446/",
  "product_description": "AniOne\nArt.Nr.: 1242446\nAniOne Grasball aus natürlichen Materialien zum Spielen und Knabbern für Nager.\nDieser Ball ist das perfekte Spielzeug für Ihren Nager. Im Inneren des Balles befindet sich eine Glocke für einen zusätzlichen Spielanreiz. Da der Grasball aus natürlichen Materialien gefertigt ist, kann er bedenkenlos angenagt werden und sorgt zugleich für einen natürlichen Zahnabrieb.\nInverkehrbringer\nMultiFit Tiernahrungs GmbH, Westpreußenstr. 32-38, 47809 Krefeld",
  "rating": 4.2,
  "review": 40,
  "distributor_address": "MultiFit Tiernahrungs GmbH, Westpreußenstr. 32-38, 47809 Krefeld",
  "instock": true,
  "retail_limit": "10x"
},
{
  "_id": {
    "$oid": "66bef411a9267700a3bd01a7"
  },
  "unique_id": 1083967003,
  "competitor_name": "fressnapf",
  "product_name": "PREMIERE Best Meat Adult Rind 1 kg",
  "brand": "PREMIERE",
  "regular_price": 5.99,
  "selling_price": 5.99,
  "price_per_unit": "€5.99/kg",
  "currency": "EUR",
  "breadcrumb": "Heimat > Hund > Hundefutter > Hundetrockenfutter > PREMIERE Best Meat Adult Rind 1 kg",
  "pdp_url": "https://www.fressnapf.at/p/premiere-best-meat-adult-rind-1-kg-1083967003/",
  "variants": "{'variant': ['Huhn']}",
  "product_description": "PREMIERE\nArt.Nr.: 1083967003\nPREMIERE Best Meat besitzt einen extra hohen Fleischanteil (40%).\nBEST MEAT Adult enthält besonders viele wertvolle Proteine und ist besonders schmackhaft.\nErlesene Kräuter, Inulin und Vitamin C können eine ausgewogene Darmflora begünstigen und die Abwehrkräfte stärken.\nWertvolle Omega-3- und Omega-6- Fettsäuren können zu einer gesunden Haut und einem glänzenden Fell beitragen. Taurin ist wichtig für die Herzfunktion.\nDie in BEST MEAT Adult enthaltene Yucca schidigera kann auf natürliche Weise zur Verminderung unangenehmer Eigengerüche beitragen.\nDie Vorteile im Überblick:\nder hohe Gehalt an Fleisch ( 40% ) beinhaltet wertvolle Proteine\nreich an frischem Fleisch ( 14% ) für eine gute Akzeptanz\nerlesene Kräuter, Inulin und Vitamin C können Darmflora und Abwehrkräfte stärken\nYucca schidigera kann auf natürliche Weise zur Verminderung unangenehmer Eigengerüche beitragen\nWertvolle Omega-3- und Omega-6- Fettsäuren können zu einer gesunden Haut und einem glänzenden Fell beitragen.\nohne künstliche Farbstoffe und Konservierungsmittel\nmit Taurin für die Herzfunktion\n*Schmeckt nicht? Mit unserer\nQualitätsgarantie\nbekommst du dein Geld zurück und suchst dir einfach ein anderes Futter aus.\nAlleinfuttermittel fürausgewachsene Hunde mittelgroßer und großer Rassen ab 11kg. Weitere Informationen erhalten Sie hier:\ninfo@fressnapf.com\nFütterungsempfehlung\nAngaben sind Richtwerte. Der individuelle Bedarf richtet sich nach Rasse, Alter und Aktivität.\nBitte beachten Sie bei der Zufütterung von Snacks eine entsprechende Reduzierung der angegebenen Futtermenge.\nKühl undtrocken lagern. Immer frisches Trinkwasser bereitstellen. Kann Spuren anderer Zutaten enthalten.\nGewicht des Hundes\nFutterration in g/Tag bei normal aktiven Hunden\nFutterration in g/Tag bei weniger aktiven Hunden\n10kg\n155g\n125g\n15kg\n210g\n170g\n20kg\n260g\n210g\n25kg\n310g\n245g\n30kg\n355g\n285g\n40kg\n440g\n350g\n50kg\n520g\n415g\n60kg\n600g\n480g\nInhaltsstoffe\nAnalytische Bestandteile\nProtein 25%, Fettgehalt 12% Rohasche 8%, Rohfaser 4.5%, Calcium 2%, Phosphor 1,1%, Omega-3-Fettsäuren 0,5%, Omega-6-Fettsäuren 2%\nZusammensetzung\ngetrocknetes Rinderprotein 15%, frisches Rindfleisch 14%, Reis 14%, getrocknete Kartoffelpülpe 13,5%,Rindergriebenmehl 10%, Erbsen 9%, Reismehl 7,5%,  Geflügelfett 7%, Rübentrockenschnitzel 2,5%, Leinsaat 1,4%,hydrolisierte Tierproteine (Leber, Herz) 2,5%, Bierhefe 0,2%, Zichorienpülpe (0,2%, getrocknet, Inulin 0,1%), Lachsöl 0,1%, Sonnenblumenöl 0,1%, getrocknete Yucca schidigera 0,1%, Oregano 0,008%, Petersilie 0,008%, Majoran 0,008%,  Salbei 0,008%, Thymian 0,008%\nZusatzstoffe pro kg\nVitamin A 17000 IE, Vitamin D3 1200 IE, Vitamin C (Ascorbinsäure) 230mg, Vitamin E (all-rac-alpha-Tocopherylacetat) 200mg, Taurin 550mg, Kupfer (Kupfer-(II)-sulfat, Pentahydrat ) 13mg , Eisen (Eisen(II)-sulfat, Monohydrat) 116mg , Jod (Calciumjodat, wasserfrei ) 3mg , Mangan (Mangan-(II)-sulfat, Monohhydrat) 12mg , Selen (Selenmethionin aus Saccharomyces cerevisiae CNCM I-3399) 0,09mg, Zink (Zinksulfat, Monohydrat) 197mg\nVersandinformationen\nLieferungen erfolgen ab einem Mindestbestellwert von € 19,00 inkl. Mehrwertsteuer nach Abzug von Rabatten.\nWelche Versandkosten fallen für meine Bestellung an?\nWir berechnen € 2,99 bis zu einem Bestellwert von 29,00 €  – unabhängig von der Anzahl der Artikel und der Versandart.\nLieferungen ab 29,00 € werden mit 0,99 € Versandkosten pro Bestellung berechnet. Bei Bestellungen die ein Gesamtgewicht von 31 kg überschreiten, werden je nach Gewicht zwei oder mehrere Pakete versendet (Maximalgewicht pro Paket 31 kg). Für den erhöhten Versandaufwand berechnen wir einmalig zusätzliche Versandkosten in Höhe von 2,99 € pro Bestellung.\nLieferungen sind grundsätzlich nur innerhalb Österreichs möglich.\nDie Lieferzeit beträgt 1-3 Werktage bei Bestellungen bis 16 Uhr.\nKundenbewertungen und -rezensionen verstehen\nProduktbewertungen\nWie funktionieren Bewertungen in der Fressnapf-Gruppe (einschließlich Maxi Zoo)?\nKundenmeinungen in Form von Produkt- und Sternebewertungen sind dienlich für alle Kunden. Sie ermöglichen mehr über das Produkt zu erfahren und helfen bei Kaufentscheidung. Jeder Kunde, der ein Produkt Online oder im Markt erworben hat, kann eine Bewertung abgeben. Wir beziehen zudem Bewertungen aus Dritt-Quellen, z.B. von Hersteller-Seiten. Die Bewertungsherkunft wird an den jeweiligen Rezension ausgewiesen. Für Fressnapf ist das Meinungsbild seiner Kunden wichtig, um Schwachstellen zu analysieren und die Produktqualität zu verbessern. Alle Bewertungen werden durch unseren Dienstleister Bazaarvoice auf Vertrauenswürdigkeit geprüft. Bewertungsinhalte, die gegen die Nutzungsbedingungen der Fressnapf-Gruppe verstoßen, werden abgelehnt. Sonst erfolgt die Veröffentlichung von positiven wie auch negativen Produktbewertungen.\nHier mehr Informationen rund um Produktbewertungen\n.\nWeitere Informationen zur Verarbeitung Ihrer personenbezogenen Daten entnehmen Sie bitte unseren\nDatenschutzhinweisen\n.",
  "rating": 4.73,
  "review": 240,
  "ingredients": "Analytische Bestandteile Protein 25%, Fettgehalt 12% Rohasche 8%, Rohfaser 4.5%, Calcium 2%, Phosphor 1,1%, Omega-3-Fettsäuren 0,5%, Omega-6-Fettsäuren 2% Zusammensetzung getrocknetes Rinderprotein 15%, frisches Rindfleisch 14%, Reis 14%, getrocknete Kartoffelpülpe 13,5%,Rindergriebenmehl 10%, Erbsen 9%, Reismehl 7,5%,  Geflügelfett 7%, Rübentrockenschnitzel 2,5%, Leinsaat 1,4%,hydrolisierte Tierproteine (Leber, Herz) 2,5%, Bierhefe 0,2%, Zichorienpülpe (0,2%, getrocknet, Inulin 0,1%), Lachsöl 0,1%, Sonnenblumenöl 0,1%, getrocknete Yucca schidigera 0,1%, Oregano 0,008%, Petersilie 0,008%, Majoran 0,008%,  Salbei 0,008%, Thymian 0,008% Zusatzstoffe pro kg Vitamin A 17000 IE, Vitamin D3 1200 IE, Vitamin C (Ascorbinsäure) 230mg, Vitamin E (all-rac-alpha-Tocopherylacetat) 200mg, Taurin 550mg, Kupfer (Kupfer-(II)-sulfat, Pentahydrat ) 13mg , Eisen (Eisen(II)-sulfat, Monohydrat) 116mg , Jod (Calciumjodat, wasserfrei ) 3mg , Mangan (Mangan-(II)-sulfat, Monohhydrat) 12mg , Selen (Selenmethionin aus Saccharomyces cerevisiae CNCM I-3399) 0,09mg, Zink (Zinksulfat, Monohydrat) 197mg",
  "instock": true,
  "retail_limit": "10x"
},
{
  "_id": {
    "$oid": "66bef411a9267700a3bd01a8"
  },
  "unique_id": 1083969003,
  "competitor_name": "fressnapf",
  "product_name": "PREMIERE Best Meat Adult Rind 4 kg",
  "brand": "PREMIERE",
  "regular_price": 19.99,
  "selling_price": 19.99,
  "price_per_unit": "€5.00/kg",
  "currency": "EUR",
  "breadcrumb": "Heimat > Hund > Hundefutter > Hundetrockenfutter > PREMIERE Best Meat Adult Rind 4 kg",
  "pdp_url": "https://www.fressnapf.at/p/premiere-best-meat-adult-rind-4-kg-1083969003/",
  "variants": "{'variant': ['Huhn']}",
  "product_description": "PREMIERE\nArt.Nr.: 1083969003\nPREMIERE Best Meat besitzt einen extra hohen Fleischanteil (40%).\nBEST MEAT Adult enthält besonders viele wertvolle Proteine und ist besonders schmackhaft.\nErlesene Kräuter, Inulin und Vitamin C können eine ausgewogene Darmflora begünstigen und die Abwehrkräfte stärken.\nWertvolle Omega-3- und Omega-6- Fettsäuren können zu einer gesunden Haut und einem glänzenden Fell beitragen. Taurin ist wichtig für die Herzfunktion.\nDie in BEST MEAT Adult enthaltene Yucca schidigera kann auf natürliche Weise zur Verminderung unangenehmer Eigengerüche beitragen.\nDie Vorteile im Überblick:\nder hohe Gehalt an Fleisch ( 40% ) beinhaltet wertvolle Proteine\nreich an frischem Fleisch ( 14% ) für eine gute Akzeptanz\nerlesene Kräuter, Inulin und Vitamin C können Darmflora und Abwehrkräfte stärken\nYucca schidigera kann auf natürliche Weise zur Verminderung unangenehmer Eigengerüche beitragen\nWertvolle Omega-3- und Omega-6- Fettsäuren können zu einer gesunden Haut und einem glänzenden Fell beitragen.\nohne künstliche Farbstoffe und Konservierungsmittel\nmit Taurin für die Herzfunktion\n*Schmeckt nicht? Mit unserer\nQualitätsgarantie\nbekommst du dein Geld zurück und suchst dir einfach ein anderes Futter aus.\nAlleinfuttermittel fürausgewachsene Hunde mittelgroßer und großer Rassen ab 11kg. Weitere Informationen erhalten Sie hier:\ninfo@fressnapf.com\nFütterungsempfehlung\nAngaben sind Richtwerte. Der individuelle Bedarf richtet sich nach Rasse, Alter und Aktivität.\nBitte beachten Sie bei der Zufütterung von Snacks eine entsprechende Reduzierung der angegebenen Futtermenge.\nKühl undtrocken lagern. Immer frisches Trinkwasser bereitstellen. Kann Spuren anderer Zutaten enthalten.\nGewicht des Hundes\nFutterration in g/Tag bei normal aktiven Hunden\nFutterration in g/Tag bei weniger aktiven Hunden\n10kg\n155g\n125g\n15kg\n210g\n170g\n20kg\n260g\n210g\n25kg\n310g\n245g\n30kg\n355g\n285g\n40kg\n440g\n350g\n50kg\n520g\n415g\n60kg\n600g\n480g\nInhaltsstoffe\nAnalytische Bestandteile\nProtein 25%, Fettgehalt 12% Rohasche 8%, Rohfaser 4.5%, Calcium 2%, Phosphor 1,1%, Omega-3-Fettsäuren 0,5%, Omega-6-Fettsäuren 2%\nZusammensetzung\ngetrocknetes Rinderprotein 15%, frisches Rindfleisch 14%, Reis 14%, getrocknete Kartoffelpülpe 13,5%,Rindergriebenmehl 10%, Erbsen 9%, Reismehl 7,5%,  Geflügelfett 7%, Rübentrockenschnitzel 2,5%, Leinsaat 1,4%,hydrolisierte Tierproteine (Leber, Herz) 2,5%, Bierhefe 0,2%, Zichorienpülpe (0,2%, getrocknet, Inulin 0,1%), Lachsöl 0,1%, Sonnenblumenöl 0,1%, getrocknete Yucca schidigera 0,1%, Oregano 0,008%, Petersilie 0,008%, Majoran 0,008%,  Salbei 0,008%, Thymian 0,008%\nZusatzstoffe pro kg\nVitamin A 17000 IE, Vitamin D3 1200 IE, Vitamin C (Ascorbinsäure) 230mg, Vitamin E (all-rac-alpha-Tocopherylacetat) 200mg, Taurin 550mg, Kupfer (Kupfer-(II)-sulfat, Pentahydrat ) 13mg , Eisen (Eisen(II)-sulfat, Monohydrat) 116mg , Jod (Calciumjodat, wasserfrei ) 3mg , Mangan (Mangan-(II)-sulfat, Monohhydrat) 12mg , Selen (Selenmethionin aus Saccharomyces cerevisiae CNCM I-3399) 0,09mg, Zink (Zinksulfat, Monohydrat) 197mg\nVersandinformationen\nLieferungen erfolgen ab einem Mindestbestellwert von € 19,00 inkl. Mehrwertsteuer nach Abzug von Rabatten.\nWelche Versandkosten fallen für meine Bestellung an?\nWir berechnen € 2,99 bis zu einem Bestellwert von 29,00 €  – unabhängig von der Anzahl der Artikel und der Versandart.\nLieferungen ab 29,00 € werden mit 0,99 € Versandkosten pro Bestellung berechnet. Bei Bestellungen die ein Gesamtgewicht von 31 kg überschreiten, werden je nach Gewicht zwei oder mehrere Pakete versendet (Maximalgewicht pro Paket 31 kg). Für den erhöhten Versandaufwand berechnen wir einmalig zusätzliche Versandkosten in Höhe von 2,99 € pro Bestellung.\nLieferungen sind grundsätzlich nur innerhalb Österreichs möglich.\nDie Lieferzeit beträgt 1-3 Werktage bei Bestellungen bis 16 Uhr.\nKundenbewertungen und -rezensionen verstehen\nProduktbewertungen\nWie funktionieren Bewertungen in der Fressnapf-Gruppe (einschließlich Maxi Zoo)?\nKundenmeinungen in Form von Produkt- und Sternebewertungen sind dienlich für alle Kunden. Sie ermöglichen mehr über das Produkt zu erfahren und helfen bei Kaufentscheidung. Jeder Kunde, der ein Produkt Online oder im Markt erworben hat, kann eine Bewertung abgeben. Wir beziehen zudem Bewertungen aus Dritt-Quellen, z.B. von Hersteller-Seiten. Die Bewertungsherkunft wird an den jeweiligen Rezension ausgewiesen. Für Fressnapf ist das Meinungsbild seiner Kunden wichtig, um Schwachstellen zu analysieren und die Produktqualität zu verbessern. Alle Bewertungen werden durch unseren Dienstleister Bazaarvoice auf Vertrauenswürdigkeit geprüft. Bewertungsinhalte, die gegen die Nutzungsbedingungen der Fressnapf-Gruppe verstoßen, werden abgelehnt. Sonst erfolgt die Veröffentlichung von positiven wie auch negativen Produktbewertungen.\nHier mehr Informationen rund um Produktbewertungen\n.\nWeitere Informationen zur Verarbeitung Ihrer personenbezogenen Daten entnehmen Sie bitte unseren\nDatenschutzhinweisen\n.",
  "rating": 4.73,
  "review": 240,
  "ingredients": "Analytische Bestandteile Protein 25%, Fettgehalt 12% Rohasche 8%, Rohfaser 4.5%, Calcium 2%, Phosphor 1,1%, Omega-3-Fettsäuren 0,5%, Omega-6-Fettsäuren 2% Zusammensetzung getrocknetes Rinderprotein 15%, frisches Rindfleisch 14%, Reis 14%, getrocknete Kartoffelpülpe 13,5%,Rindergriebenmehl 10%, Erbsen 9%, Reismehl 7,5%,  Geflügelfett 7%, Rübentrockenschnitzel 2,5%, Leinsaat 1,4%,hydrolisierte Tierproteine (Leber, Herz) 2,5%, Bierhefe 0,2%, Zichorienpülpe (0,2%, getrocknet, Inulin 0,1%), Lachsöl 0,1%, Sonnenblumenöl 0,1%, getrocknete Yucca schidigera 0,1%, Oregano 0,008%, Petersilie 0,008%, Majoran 0,008%,  Salbei 0,008%, Thymian 0,008% Zusatzstoffe pro kg Vitamin A 17000 IE, Vitamin D3 1200 IE, Vitamin C (Ascorbinsäure) 230mg, Vitamin E (all-rac-alpha-Tocopherylacetat) 200mg, Taurin 550mg, Kupfer (Kupfer-(II)-sulfat, Pentahydrat ) 13mg , Eisen (Eisen(II)-sulfat, Monohydrat) 116mg , Jod (Calciumjodat, wasserfrei ) 3mg , Mangan (Mangan-(II)-sulfat, Monohhydrat) 12mg , Selen (Selenmethionin aus Saccharomyces cerevisiae CNCM I-3399) 0,09mg, Zink (Zinksulfat, Monohydrat) 197mg",
  "instock": true,
  "retail_limit": "10x"
},
{
  "_id": {
    "$oid": "66bef411a9267700a3bd01a9"
  },
  "unique_id": 1173939002,
  "competitor_name": "fressnapf",
  "product_name": "REAL NATURE WILDERNESS Adult Fresh Water Fisch 7 kg",
  "brand": "REAL NATURE",
  "regular_price": 54.99,
  "selling_price": 54.99,
  "price_per_unit": "€7.86/kg",
  "currency": "EUR",
  "breadcrumb": "Heimat > Katze > Katzenfutter > Trockenfutter > REAL NATURE WILDERNESS Adult Fresh Water Fisch 7 kg",
  "pdp_url": "https://www.fressnapf.at/p/real-nature-wilderness-adult-fresh-water-fisch-7-kg-1173939002/",
  "product_description": "REAL NATURE\nArt.Nr.: 1173939002\n*Schmeckt nicht? Mit unserer\nAkzeptanzgarantie\nbekommst du dein Geld zurück und suchst dir einfach ein anderes Futter aus.\nREAL NATURE WILDERNESS orientiert sich an der Ernährung ihrer Vorfahren, der Wildkatze, und ermöglicht Ihnen, Ihr Tier so artgerecht wie möglich zu ernähren.\nDiese REAL NATURE WILDERNESS Rezeptur besteht aus 70% hochwertigem Fisch, 30% Obst, Gemüse und Kräutern und 0% Getreide. Sie enthält unter anderem frischen Lachs als hochwertige tierische Proteinquelle, Kartoffeln als Kohlenhydratquelle sowie wertvolles Lachsöl.\nREAL NATURE WILDERNESS ist 100% natürlich1 und frei von Konservierungs-, Aroma- und Farbstoffen.\nDie Vorteile im Überblick:\n70% hochwertiger Fisch\n30% Obst, Gemüse und Kräuter\ngetreidefreie Rezeptur\nfrei von Konservierungs-, Aroma- und Farbstoffen\n1 in den eingesetzten Rohstoffen\nMöchtest du mehr über die Produkte von REAL NATURE für Katzen erfahren? Tauche\nhier\nin die Welt der Produktvielfalt von REAL NATURE ein!\nAlleinfuttermittel für ausgewachsene Katzen. Weitere Informationen erhalten Sie hier: info@fressnapf.com\nMehr Produktinfos\nInverkehrbringer\nMultiFit Tiernahrungs GmbH, Westpreußenstr. 32-38, 47809 Krefeld",
  "rating": 4.73,
  "review": 166,
  "distributor_address": "MultiFit Tiernahrungs GmbH, Westpreußenstr. 32-38, 47809 Krefeld",
  "ingredients": "Analytische Bestandteile Protein 38%, Fettgehalt 16%, Rohasche 8%, Rohfaser 2%, Calcium 0,9%, Phosphor 0,72%. Zusammensetzung Lachsprotein (25%), Weißfischprotein (24%), frischer Lachs (18%), Kartoffeln (12%), Kartoffelmehl (11%), Apfelpülpe (5%), Lachsöl (2%), Sardinenprotein (1%), Spinat (0,5%), Sonnenblumenöl (0,5%), Mannan-Oligosaccharide (0,015%), Fructo-Oligosaccharide (0,013%), Yucca schidigera (0,008%), Rosmarin (0,0034%), Katzenminze (0,00204%), Petersilie (0,00136%), Flohsamen (0,00102%), Brennnesseln (0,00085%), Kamille (0,00085%), Algen (Ascophyllum nodosum 0,00051%). Kann Spuren anderer Zutaten enthalten. Zusatzstoffe pro kg Ernährungsphysiologische Zusatzstoffe: Vitamin A 22000 IE, Vitamin D3 900 IE, Vitamin E 700mg, Vitamin C 250mg, Taurin 2300mg, Eisen (3b106) 48mg, Kupfer (3b406) 12mg, Jod (3b201) 3,8mg, Mangan (3b504) 56mg, Selen (3b810) 0,2mg, Zink (3b606) 140mg.",
  "instock": true,
  "retail_limit": "10x"
},
{
  "_id": {
    "$oid": "66bef411a9267700a3bd01aa"
  },
  "unique_id": 1083997001,
  "competitor_name": "fressnapf",
  "product_name": "REAL NATURE WILDERNESS Junior True Country Huhn mit Fisch 4 kg",
  "brand": "REAL NATURE",
  "regular_price": 36.99,
  "selling_price": 36.99,
  "price_per_unit": "€9.25/kg",
  "currency": "EUR",
  "breadcrumb": "Heimat > Hund > Hundefutter > Hundetrockenfutter > REAL NATURE WILDERNESS Junior True Country Huhn mit Fisch 4 kg",
  "pdp_url": "https://www.fressnapf.at/p/real-nature-wilderness-junior-true-country-huhn-mit-fisch-4-kg-1083997001/",
  "product_description": "REAL NATURE\nArt.Nr.: 1083997001\n*Schmeckt nicht? Mit unserer\nAkzeptanzgarantie\nbekommst du dein Geld zurück und suchst dir einfach ein anderes Futter aus.\nREAL NATURE WILDERNESS Junior Huhn mit Fisch ist optimal für Welpen und Junghunde aller Rassen und Größen vom Absetzen bis zum ca. 24 Lebensmonat.\nREAL NATURE WILDERNESS folgt der Natur Ihres Hundes. Es orientiert sich an der Ernährung des Wolfes als Vorfahr des Hundes und ermöglicht Ihnen, Ihr Tier so artgerecht wie möglich zu ernähren. REAL NATURE WILDERNESS besteht aus 70% hochwertigem Huhn und / oder Fisch, 30% Obst, Gemüse und Kräutern und 0% Getreide. Enthält Kartoffeln als einzige Kohlenhydratquelle und frisches Hühnerfleisch als hochwertige tierische Proteinquelle. Wertvolles Lachsöl ergänzt die REAL NATURE WILDERNESS Rezepturen sinnvoll, indem es essentielle Fettsäuren liefert. REAL NATURE WILDERNESS ist 100% natürlich1 und frei von Konservierungs-, Aroma- und Farbstoffen. Die Junior Rezeptur ist optimal auf den Bedarf des jungen Hundes abgestimmt.\nDie Vorteile im Überblick:\n100 % natürlich1 – ohne Konservierungs-, Aroma- und Farbstoffe\n70 % Geflügel und / oder Fisch, z.B. vom Huhn, Lachs oder Weißfisch als hochwertige tierische Proteinquellen\n30 % Obst, Gemüse und Kräuter, wie z.B. Löwenzahn, Cranberries, Äpfel und Thymian\ngetreidefrei –  Kartoffeln sind die einzige Kohlenhydratquelle\nartgerechte Ernährung nach dem Vorbild des Wolfes\nmit einem hohen Fleischanteil\nangepasst an die Lebensphasen des Hundes (Junior / Adult)\n1 in den eigesetzten Rohstoffen\nMöchtest du mehr über die Produkte von REAL NATURE für Hunde erfahren? Tauche\nhier\nin die Welt der Produktvielfalt von REAL NATURE ein!\nREAL NATURE WILDERNESS Junior Huhn mit Fisch ist optimal für Welpen und Junghunde aller Rassen und Größen vom Absetzen bis zum ca. 24 Lebensmonat.\nMehr Produktinfos\nInverkehrbringer\nMultiFit Tiernahrungs GmbH, Westpreußenstr. 32-38, 47809 Krefeld",
  "special_nutrition_purpose": "Alleinfuttermittel für Junior Hunde",
  "rating": 4.37,
  "review": 149,
  "distributor_address": "MultiFit Tiernahrungs GmbH, Westpreußenstr. 32-38, 47809 Krefeld",
  "ingredients": "Analytische Bestandteile Protein 39%, Fettgehalt 20%, Rohasche 7%, Rohfaser 3,5%, Calcium 1,6%, Phosphor 1,1%. Zusammensetzung Hühnerprotein (20%), frisches Hühnerfleisch (18%), Kartoffeln (12%), Kartoffelmehl (10%), frischer Lachs (8%), Hühnerfett (5%), Hühnerprotein, hydrolysiert (4%), frisches Entenfleisch (4%), Hering (4%), Äpfel (4%), Lachsöl (4%), frische Hühnerleber (3%), Karotten (1%), Spinat (1%), Erbsen (1%), Glucosaminsulfat (0,026%), Chondroitinsulfat (0,016%), Mannan-Oligosaccharide (0,015%), Fructo-Oligosaccharide (0,012%), Yucca schidigera (0,01%), Cranberries (0,005%), Rosmarin (0,004%), Flohsamen (0,002%), Algen (Ascophyllum nodosum) (0,0018%), Thymian (0,0014%), Pfefferminze (0,0014%), Löwenzahn (0,0012%), Petersilie (0,001%). Kann Spuren anderer Zutaten enthalten. Zusatzstoffe pro kg Ernährungsphysiologische Zusatzstoffe: Vitamin A 20000 IE, Vitamin D3 1500 IE, Vitamin E 500mg, Vitamin B2 3,8mg, Eisen (3b106) 72mg, Kupfer (3b406) 15mg, Jod (3b201) 0,65mg, Mangan (3b504) 35mg, Selen (3b810) 0,25mg, Zink (3b606) 80mg.",
  "instock": true,
  "retail_limit": "10x"
},
{
  "_id": {
    "$oid": "66bef411a9267700a3bd01ab"
  },
  "unique_id": 1173938002,
  "competitor_name": "fressnapf",
  "product_name": "REAL NATURE WILDERNESS True Country Adult Huhn mit Fisch 2.5 kg",
  "brand": "REAL NATURE",
  "regular_price": 27.99,
  "selling_price": 27.99,
  "price_per_unit": "€11.20/kg",
  "currency": "EUR",
  "breadcrumb": "Heimat > Katze > Katzenfutter > Trockenfutter > REAL NATURE WILDERNESS True Country Adult Huhn mit Fisch 2,5 kg",
  "pdp_url": "https://www.fressnapf.at/p/real-nature-wilderness-true-country-adult-huhn-mit-fisch-25-kg-1173938002/",
  "product_description": "REAL NATURE\nArt.Nr.: 1173938002\n*Schmeckt nicht? Mit unserer\nAkzeptanzgarantie\nbekommst du dein Geld zurück und suchst dir einfach ein anderes Futter aus.\nREAL NATURE WILDERNESS orientiert sich an der Ernährung ihrer Vorfahren, der Wildkatze, und ermöglicht Ihnen, Ihr Tier so artgerecht wie möglich zu ernähren.\nDiese REAL NATURE WILDERNESS Rezeptur besteht aus 75% hochwertigem Huhn und Fisch, 25% Obst, Gemüse und Kräutern und 0% Getreide. Sie enthält unter anderem frisches Huhn und frischen Lachs als hochwertige tierische Proteinquellen, Kartoffeln als Kohlenhydratquelle sowie wertvolles Lachsöl.\nREAL NATURE WILDERNESS ist 100% natürlich1 und frei von Konservierungs-, Aroma- und Farbstoffen.\nDie Vorteile im Überblick:\n75% hochwertiges Huhn und Fisch, 25% Obst, Gemüse und Kräutern und 0% Getreide\n0% Getreide, getreidefreie Rezeptur\nfrei von Konservierungs-, Aroma- und Farbstoffen\norientiert sich an der Ernährung der Vorfahren der Katze\n1 in den eingesetzten Rohstoffen\nMöchtest du mehr über die Produkte von REAL NATURE für Katzen erfahren? Tauche\nhier\nin die Welt der Produktvielfalt von REAL NATURE ein!\nAlleinfuttermittel für ausgewachsene Katzen. Weitere Informationen erhalten Sie hier:\ninfo@fressnapf.com\nMehr Produktinfos\nInverkehrbringer\nMultiFit Tiernahrungs GmbH, Westpreußenstr. 32-38, 47809 Krefeld",
  "rating": 4.75,
  "review": 166,
  "distributor_address": "MultiFit Tiernahrungs GmbH, Westpreußenstr. 32-38, 47809 Krefeld",
  "ingredients": "Analytische Bestandteile Protein 39%, Fettgehalt 19%, Rohasche 8,5%, Rohfaser 3%, Calcium 1,4%, Phosphor 1,15%. Zusammensetzung Hühnerprotein (25,8%), frisches Hühnerfleisch (16%), Kartoffelflocken (12,6%), Lachsmehl (8%), Hühnerfett (7,7%), frischer Lachs(6%), Heringsmehl (5%), Kartoffelstärke (4,2%), Äpfel (3%), Hühnerprotein, hydrolysiert (3%), frische Hühnerleber (3%), Lignocellulose (1,9%), Spinat (0,5%), Lachsöl (0,5%), Sonnenblumenöl (0,3%), Kaliumchlorid (0,2%), Zichorien-Inulin (0,2%), Hefezellwände (0,2%, entspricht 0,04% Mannan-Oligosaccharide), Rosmarin (0,04%), Katzenminze (0,04%), Petersilie (0,04%), Brennnesseln (0,04%), Kamille (0,04%), Flohsamenschalen (0,03%), Yucca schidigera (0,02%), Seealgenmehl (0,01%, Ascophyllum nodosum). Kann Spuren anderer Zutaten enthalten. Zusatzstoffe pro kg Ernährungsphysiologische Zusatzstoffe: Vitamin A 15000 IE, Vitamin D3 1500 IE, Vitamin E 400mg, Vitamin C 100mg, Taurin 2200mg, Eisen (3b103) 250mg, Kupfer (3b405) 12mg, Jod (3b202) 1,8mg, Mangan (3b503) 25mg, Selen (3b801) 0,4mg, Zink (3b605) 160mg.",
  "instock": true,
  "retail_limit": "10x"
},
{
  "_id": {
    "$oid": "66bef411a9267700a3bd01ac"
  },
  "unique_id": 1243310,
  "competitor_name": "fressnapf",
  "product_name": "bosch Active 2x15 kg",
  "brand": "bosch",
  "regular_price": 64.49,
  "selling_price": 64.49,
  "price_per_unit": "€2.15/kg",
  "currency": "EUR",
  "breadcrumb": "Heimat > Hund > Hundefutter > Hundetrockenfutter > bosch Active 2x15 kg",
  "pdp_url": "https://www.fressnapf.at/p/bosch-active-2x15-kg-1243310/",
  "product_description": "bosch\nArt.Nr.: 1243310\nBosch ACTIVE ist ideal für erwachsene Hunde mit erhöhtem Energiebedarf zur Unterstützung der optimalen Ausdauer und Leistungsfähigkeit. (z.B. Hunde im Wach- und Schutzdienst, Sporthunde)\nBosch ACTIVE hat einen hohen Anteil an frischem Geflügel (min. 25 %) als hochwertige tierische Eiweißquelle und wird ohne Weizen hergestellt.\nDurch den Einsatz eines Immun-Komplexes aus Mannanen und Glucanen wird die Darmflora stabilisiert sowie das Immunsystem gestärkt.\nKnorpel und Gelenke werden durch die enthaltenen Muschelextrakte unterstützt.\nDie Vorteile im Überblick:\nmit viel frischem Geflügel (min. 25 %)\nMuschelextrakte für Knorpel und Gelenke\nmit Mannanen und Glucanen zur Stabilisierung der Darmflora und Immunabwehr\nerhöhte Energiekonzentration für Leistungshunde\nAlleinfuttermittel für Hunde, weitere Informationen erhalten Sie hier: info@bosch-tiernahrung.de\nInverkehrbringer\nbosch Tiernahrung GmbH & Co. KG, Engelhardshauser Str. 55+57, 74572 Blaufelden-Wiesenbach",
  "rating": 4.72,
  "review": 185,
  "distributor_address": "bosch Tiernahrung GmbH & Co. KG, Engelhardshauser Str. 55+57, 74572 Blaufelden-Wiesenbach",
  "ingredients": "Analytische Bestandteile Protein 25,0 %, Fettgehalt 16,0 %, Rohfaser 2,5 %, Rohasche 6,6 %, Phosphor 1,0 %, Calcium 1,25 %, Natrium 0,25 %, Kalium 0,50 %, Magnesium 0,12 % Zusammensetzung Frisches Geflügel (30 %), Gerste, Mais, Geflügelprotein (getrocknet), Hirse, Geflügelfett, Schweineprotein (getrocknet), Rübentrockenschnitzel (entzuckert), Proteinhydrolysat, Leinsamen, Fischmehl, Erbsen (getrocknet), Fischöl, Hefe (getrocknet, 0,1 % Mannanoligosaccharide, 0,06 % Beta-Glucane), Natriumchlorid, Grünlippmuschelextrakt (0,1 %), Kaliumchlorid, Chicorée (getrocknet) Feuchtegehalt 8% Zusatzstoffe pro kg Ernährungsphysiologische Zusatzstoffe je kg Vitamin A 12.000 I.E., Vitamin D3 1.200 I.E., Vitamin B1 10 mg, Vitamin B2 10 mg, Vitamin B6 6 mg, Vitamin B12 30 mcg, Biotin 250 mcg, Pantothensäure 20 mg, Niacin 40 mg, Folsäure 2,0 mg, Vitamin C 70 mg, Cholinchlorid 1.650 mg, Vitamin E 70 mg, L-Carnitin 200,0 mg. Spurenelemente je kg Zink (als Aminosäure-Zinkchelat Hydrat) 75 mg, Kupfer (als Kupfer(II)-sulfat-Pentahydrat) 10 mg, Mangan 10 mg, Jod (als Kalziumjodat, wasserfrei) 2,0 mg, Selen (als Natriumselenit) 0,2 mg, Zink (als Zinkoxid) 70 mg, Eisen 170 mg. Technologische Zusatzstoffe: Antioxidationsmittel",
  "instock": true,
  "retail_limit": "10x"
},
{
  "_id": {
    "$oid": "66bef411a9267700a3bd01ad"
  },
  "unique_id": 1243344,
  "competitor_name": "fressnapf",
  "product_name": "REAL NATURE WILDERNESS Adult Fresh Water Fisch 2x7 kg",
  "brand": "REAL NATURE",
  "regular_price": 109.98,
  "selling_price": 109.98,
  "price_per_unit": "€7.86/kg",
  "currency": "EUR",
  "breadcrumb": "Heimat > Katze > Katzenfutter > Trockenfutter > REAL NATURE WILDERNESS Adult Fresh Water Fisch 2x7 kg",
  "pdp_url": "https://www.fressnapf.at/p/real-nature-wilderness-adult-fresh-water-fisch-2x7-kg-1243344/",
  "product_description": "REAL NATURE\nArt.Nr.: 1243344\n*Schmeckt nicht? Mit unserer\nAkzeptanzgarantie\nbekommst du dein Geld zurück und suchst dir einfach ein anderes Futter aus.\nREAL NATURE WILDERNESS orientiert sich an der Ernährung ihrer Vorfahren, der Wildkatze, und ermöglicht Ihnen, Ihr Tier so artgerecht wie möglich zu ernähren.\nDiese REAL NATURE WILDERNESS Rezeptur besteht aus 70% hochwertigem Fisch, 30% Obst, Gemüse und Kräutern und 0% Getreide. Sie enthält unter anderem frischen Lachs als hochwertige tierische Proteinquelle, Kartoffeln als Kohlenhydratquelle sowie wertvolles Lachsöl.\nREAL NATURE WILDERNESS ist 100% natürlich1 und frei von Konservierungs-, Aroma- und Farbstoffen.\nDie Vorteile im Überblick:\n70% hochwertiger Fisch\n30% Obst, Gemüse und Kräuter\ngetreidefreie Rezeptur\nfrei von Konservierungs-, Aroma- und Farbstoffen\n1 in den eingesetzten Rohstoffen\nMöchtest du mehr über die Produkte von REAL NATURE für Katzen erfahren? Tauche\nhier\nin die Welt der Produktvielfalt von REAL NATURE ein!\nAlleinfuttermittel für ausgewachsene Katzen. Weitere Informationen erhalten Sie hier: info@fressnapf.com\nMehr Produktinfos\nInverkehrbringer\nMultiFit Tiernahrungs GmbH, Westpreußenstr. 32-38, 47809 Krefeld",
  "rating": 4.73,
  "review": 166,
  "distributor_address": "MultiFit Tiernahrungs GmbH, Westpreußenstr. 32-38, 47809 Krefeld",
  "ingredients": "Analytische Bestandteile Protein 38%, Fettgehalt 16%, Rohasche 8%, Rohfaser 2%, Calcium 0,9%, Phosphor 0,72%. Zusammensetzung Lachsprotein (25%), Weißfischprotein (24%), frischer Lachs (18%), Kartoffeln (12%), Kartoffelmehl (11%), Apfelpülpe (5%), Lachsöl (2%), Sardinenprotein (1%), Spinat (0,5%), Sonnenblumenöl (0,5%), Mannan-Oligosaccharide (0,015%), Fructo-Oligosaccharide (0,013%), Yucca schidigera (0,008%), Rosmarin (0,0034%), Katzenminze (0,00204%), Petersilie (0,00136%), Flohsamen (0,00102%), Brennnesseln (0,00085%), Kamille (0,00085%), Algen (Ascophyllum nodosum 0,00051%). Kann Spuren anderer Zutaten enthalten. Zusatzstoffe pro kg Ernährungsphysiologische Zusatzstoffe: Vitamin A 22000 IE, Vitamin D3 900 IE, Vitamin E 700mg, Vitamin C 250mg, Taurin 2300mg, Eisen (3b106) 48mg, Kupfer (3b406) 12mg, Jod (3b201) 3,8mg, Mangan (3b504) 56mg, Selen (3b810) 0,2mg, Zink (3b606) 140mg.",
  "instock": true,
  "retail_limit": "10x"
},
{
  "_id": {
    "$oid": "66bef411a9267700a3bd01ae"
  },
  "unique_id": 1173938003,
  "competitor_name": "fressnapf",
  "product_name": "REAL NATURE WILDERNESS Adult Fresh Water Fisch 2.5 kg",
  "brand": "REAL NATURE",
  "regular_price": 27.99,
  "selling_price": 27.99,
  "price_per_unit": "€11.20/kg",
  "currency": "EUR",
  "breadcrumb": "Heimat > Katze > Katzenfutter > Trockenfutter > REAL NATURE WILDERNESS Adult Fresh Water Fisch 2,5 kg",
  "pdp_url": "https://www.fressnapf.at/p/real-nature-wilderness-adult-fresh-water-fisch-25-kg-1173938003/",
  "product_description": "REAL NATURE\nArt.Nr.: 1173938003\n*Schmeckt nicht? Mit unserer\nAkzeptanzgarantie\nbekommst du dein Geld zurück und suchst dir einfach ein anderes Futter aus.\nREAL NATURE WILDERNESS orientiert sich an der Ernährung ihrer Vorfahren, der Wildkatze, und ermöglicht Ihnen, Ihr Tier so artgerecht wie möglich zu ernähren.\nDiese REAL NATURE WILDERNESS Rezeptur besteht aus 70% hochwertigem Fisch, 30% Obst, Gemüse und Kräutern und 0% Getreide. Sie enthält unter anderem frischen Lachs als hochwertige tierische Proteinquelle, Kartoffeln als Kohlenhydratquelle sowie wertvolles Lachsöl.\nREAL NATURE WILDERNESS ist 100% natürlich1 und frei von Konservierungs-, Aroma- und Farbstoffen.\nDie Vorteile im Überblick:\n70% hochwertiger Fisch\n30% Obst, Gemüse und Kräuter\ngetreidefreie Rezeptur\nfrei von Konservierungs-, Aroma- und Farbstoffen\n1 in den eingesetzten Rohstoffen\nMöchtest du mehr über die Produkte von REAL NATURE für Katzen erfahren? Tauche\nhier\nin die Welt der Produktvielfalt von REAL NATURE ein!\nAlleinfuttermittel für ausgewachsene Katzen. Weitere Informationen erhalten Sie hier:\ninfo@fressnapf.com\nMehr Produktinfos\nInverkehrbringer\nMultiFit Tiernahrungs GmbH, Westpreußenstr. 32-38, 47809 Krefeld",
  "rating": 4.73,
  "review": 166,
  "distributor_address": "MultiFit Tiernahrungs GmbH, Westpreußenstr. 32-38, 47809 Krefeld",
  "ingredients": "Analytische Bestandteile Protein 38%, Fettgehalt 16%, Rohasche 8%, Rohfaser 2%, Calcium 0,9%, Phosphor 0,72%. Zusammensetzung Lachsprotein (25%), Weißfischprotein (24%), frischer Lachs (18%), Kartoffeln (12%), Kartoffelmehl (11%), Apfelpülpe (5%), Lachsöl (2%), Sardinenprotein (1%), Spinat (0,5%), Sonnenblumenöl (0,5%), Mannan-Oligosaccharide (0,015%), Fructo-Oligosaccharide (0,013%), Yucca schidigera (0,008%), Rosmarin (0,0034%), Katzenminze (0,00204%), Petersilie (0,00136%), Flohsamen (0,00102%), Brennnesseln (0,00085%), Kamille (0,00085%), Algen (Ascophyllum nodosum 0,00051%). Kann Spuren anderer Zutaten enthalten. Zusatzstoffe pro kg Ernährungsphysiologische Zusatzstoffe: Vitamin A 22000 IE, Vitamin D3 900 IE, Vitamin E 700mg, Vitamin C 250mg, Taurin 2300mg, Eisen (3b106) 48mg, Kupfer (3b406) 12mg, Jod (3b201) 3,8mg, Mangan (3b504) 56mg, Selen (3b810) 0,2mg, Zink (3b606) 140mg.",
  "instock": true,
  "retail_limit": "10x"
},
{
  "_id": {
    "$oid": "66bef411a9267700a3bd01af"
  },
  "unique_id": 1083998003,
  "competitor_name": "fressnapf",
  "product_name": "REAL NATURE WILDERNESS Junior True Country Huhn mit Fisch 12 kg",
  "brand": "REAL NATURE",
  "regular_price": 76.99,
  "selling_price": 76.99,
  "price_per_unit": "€6.42/kg",
  "currency": "EUR",
  "breadcrumb": "Heimat > Hund > Hundefutter > Hundetrockenfutter > REAL NATURE WILDERNESS Junior True Country Huhn mit Fisch 12 kg",
  "pdp_url": "https://www.fressnapf.at/p/real-nature-wilderness-junior-true-country-huhn-mit-fisch-12-kg-1083998003/",
  "product_description": "REAL NATURE\nArt.Nr.: 1083998003\n*Schmeckt nicht? Mit unserer\nAkzeptanzgarantie\nbekommst du dein Geld zurück und suchst dir einfach ein anderes Futter aus.\nREAL NATURE WILDERNESS Junior Huhn mit Fisch ist optimal für Welpen und Junghunde aller Rassen und Größen vom Absetzen bis zum ca. 24 Lebensmonat.\nREAL NATURE WILDERNESS folgt der Natur Ihres Hundes. Es orientiert sich an der Ernährung des Wolfes als Vorfahr des Hundes und ermöglicht Ihnen, Ihr Tier so artgerecht wie möglich zu ernähren. REAL NATURE WILDERNESS besteht aus 70% hochwertigem Huhn und / oder Fisch, 30% Obst, Gemüse und Kräutern und 0% Getreide. Enthält Kartoffeln als einzige Kohlenhydratquelle und frisches Hühnerfleisch als hochwertige tierische Proteinquelle. Wertvolles Lachsöl ergänzt die REAL NATURE WILDERNESS Rezepturen sinnvoll, indem es essentielle Fettsäuren liefert. REAL NATURE WILDERNESS ist 100% natürlich1 und frei von Konservierungs-, Aroma- und Farbstoffen. Die Junior Rezeptur ist optimal auf den Bedarf des jungen Hundes abgestimmt.\nDie Vorteile im Überblick:\n100 % natürlich1 – ohne Konservierungs-, Aroma- und Farbstoffe\n70 % Geflügel und / oder Fisch, z.B. vom Huhn, Lachs oder Weißfisch als hochwertige tierische Proteinquellen\n30 % Obst, Gemüse und Kräuter, wie z.B. Löwenzahn, Cranberries, Äpfel und Thymian\ngetreidefrei –  Kartoffeln sind die einzige Kohlenhydratquelle\nartgerechte Ernährung nach dem Vorbild des Wolfes\nmit einem hohen Fleischanteil\nangepasst an die Lebensphasen des Hundes (Junior / Adult)\n1 in den eigesetzten Rohstoffen\nMöchtest du mehr über die Produkte von REAL NATURE für Hunde erfahren? Tauche\nhier\nin die Welt der Produktvielfalt von REAL NATURE ein!\nAlleinfuttermittel für Welpen und Junghunde aller Rassen und Größen vom Absetzen bis zum ca. 24 Lebensmonat (je nach Hundegröße). Weitere Informationen erhalten Sie hier: info@fressnapf.com\nMehr Produktinfos\nInverkehrbringer\nMultiFit Tiernahrungs GmbH, Westpreußenstr. 32-38, 47809 Krefeld",
  "special_nutrition_purpose": "Alleinfuttermittel für Junior Hunde",
  "rating": 4.37,
  "review": 149,
  "distributor_address": "MultiFit Tiernahrungs GmbH, Westpreußenstr. 32-38, 47809 Krefeld",
  "ingredients": "Analytische Bestandteile Protein 39%, Fettgehalt 20%, Rohasche 7%, Rohfaser 3,5%, Calcium 1,6%, Phosphor 1,1%. Zusammensetzung Hühnerprotein (20%), frisches Hühnerfleisch (18%), Kartoffeln (12%), Kartoffelmehl (10%), frischer Lachs (8%), Hühnerfett (5%), Hühnerprotein, hydrolysiert (4%), frisches Entenfleisch (4%), Hering (4%), Äpfel (4%), Lachsöl (4%), frische Hühnerleber (3%), Karotten (1%), Spinat (1%), Erbsen (1%), Glucosaminsulfat (0,026%), Chondroitinsulfat (0,016%), Mannan-Oligosaccharide (0,015%), Fructo-Oligosaccharide (0,012%), Yucca schidigera (0,01%), Cranberries (0,005%), Rosmarin (0,004%), Flohsamen (0,002%), Algen (Ascophyllum nodosum) (0,0018%), Thymian (0,0014%), Pfefferminze (0,0014%), Löwenzahn (0,0012%), Petersilie (0,001%). Kann Spuren anderer Zutaten enthalten. Zusatzstoffe pro kg Ernährungsphysiologische Zusatzstoffe: Vitamin A 20000 IE, Vitamin D3 1500 IE, Vitamin E 500mg, Vitamin B2 3,8mg, Eisen (3b106) 72mg, Kupfer (3b406) 15mg, Jod (3b201) 0,65mg, Mangan (3b504) 35mg, Selen (3b810) 0,25mg, Zink (3b606) 80mg.",
  "instock": true,
  "retail_limit": "10x"
},
{
  "_id": {
    "$oid": "66bef411a9267700a3bd01b0"
  },
  "unique_id": 1243366,
  "competitor_name": "fressnapf",
  "product_name": "PREMIERE Meati Sensitive Huhn & Kartoffel 6x800 g",
  "brand": "PREMIERE",
  "regular_price": 20.34,
  "selling_price": 20.34,
  "price_per_unit": "€4.24/kg",
  "currency": "EUR",
  "breadcrumb": "Heimat > Hund > Hundefutter > Hundenassfutter > PREMIERE Meati Sensitive Huhn & Kartoffel 6x800 g",
  "pdp_url": "https://www.fressnapf.at/p/premiere-meati-sensitive-huhn--kartoffel-6x800-g-1243366/",
  "variants": "{'variant': ['Lamm pur', 'Pferd & Kartoffeln', 'Huhn pur', 'Rind pur', 'Ente pur', 'Lamm & Kartoffel', 'Rind & Kartoffel', 'Pferd pur']}",
  "product_description": "PREMIERE\nArt.Nr.: 1243366\nPREMIERE Meati Sensitive - für ernährungssensible Hunde sowie bei Futtermittelunverträglichkeiten\nBesonders abgestimmtes Nassfutter, das sich durch folgende Vorteile auszeichnet:\nNur ein ausgewähltes Protein in der Rezeptur\nDie\nPur-Sorten\nohne pflanzliche Kohlenhydrate eignen sich besonders für Hunde, die auf Reis, Getreide oder Kartoffeln reagieren\nFür ernährungssensible Hunde geeignet\nHergestellt in Deutschland\nDie getreide- und glutenfreie Rezeptur trägt zur Schonung des Magen-Darm-Trakts und zu einer optimalen Verdauung bei und ist ideal bei Futtermittelunverträglichkeiten.\n*Schmeckt nicht? Mit unserer\nQualitätsgarantie\nbekommst du dein Geld zurück und suchst dir einfach ein anderes Futter aus.\nAlleinfuttermittel für ausgewachsene, ernährungssensible Hunde, weitere Informationen erhalten Sie hier: info@fressnapf.com\nFütterungsempfehlung\nGewicht des Tieres\nFuttermenge pro Tag\n10 kg\n470 g\n15 kg\n640 g\n20 kg\n790 g\n25 kg\n940 g\n30 kg\n1070 g\n35 kg\n1210 g\n40 kg\n1330 g\n45 kg\n1460 g\n50 kg\n1580 g\n60 kg\n1810 g\n70 kg\n2030 g\n80 kg\n2240 g\nInhaltsstoffe\nAnalytische Bestandteile\nProtein 10,2%, Fettgehalt 5%, Rohasche 2,5%, Rohfaser 0,5%, Feuchtigkeit 80%, Calcium 0,3%, Phosphor 0,25%\nZusammensetzung\n60% Huhn (Herzen, 15% Muskelfleisch, Lebern, Mägen, Hälse, Fett), 7% Kartoffeln, 1% Mineralstoffe,0,5% Leinöl\nFeuchtegehalt\n80%\nZusatzstoffe pro kg\nErnährungsphysiologische Zusatzstoffe: Vitamin D3 200 IE, Kupfer (Kupfer(II)-sulfat, Pentahydrat) 1mg, Jod (Kalziumjodat, wasserfrei) 0,75mg, Mangan (Mangan(II)-sulfat, Monohydrat) 1,4mg, Zink (Zinksulfat, Monohydrat) 25mg. Kann Spuren anderer Zutaten enthalten\nVersandinformationen\nLieferungen erfolgen ab einem Mindestbestellwert von € 19,00 inkl. Mehrwertsteuer nach Abzug von Rabatten.\nWelche Versandkosten fallen für meine Bestellung an?\nWir berechnen € 2,99 bis zu einem Bestellwert von 29,00 €  – unabhängig von der Anzahl der Artikel und der Versandart.\nLieferungen ab 29,00 € werden mit 0,99 € Versandkosten pro Bestellung berechnet. Bei Bestellungen die ein Gesamtgewicht von 31 kg überschreiten, werden je nach Gewicht zwei oder mehrere Pakete versendet (Maximalgewicht pro Paket 31 kg). Für den erhöhten Versandaufwand berechnen wir einmalig zusätzliche Versandkosten in Höhe von 2,99 € pro Bestellung.\nLieferungen sind grundsätzlich nur innerhalb Österreichs möglich.\nDie Lieferzeit beträgt 1-3 Werktage bei Bestellungen bis 16 Uhr.\nKundenbewertungen und -rezensionen verstehen\nProduktbewertungen\nWie funktionieren Bewertungen in der Fressnapf-Gruppe (einschließlich Maxi Zoo)?\nKundenmeinungen in Form von Produkt- und Sternebewertungen sind dienlich für alle Kunden. Sie ermöglichen mehr über das Produkt zu erfahren und helfen bei Kaufentscheidung. Jeder Kunde, der ein Produkt Online oder im Markt erworben hat, kann eine Bewertung abgeben. Wir beziehen zudem Bewertungen aus Dritt-Quellen, z.B. von Hersteller-Seiten. Die Bewertungsherkunft wird an den jeweiligen Rezension ausgewiesen. Für Fressnapf ist das Meinungsbild seiner Kunden wichtig, um Schwachstellen zu analysieren und die Produktqualität zu verbessern. Alle Bewertungen werden durch unseren Dienstleister Bazaarvoice auf Vertrauenswürdigkeit geprüft. Bewertungsinhalte, die gegen die Nutzungsbedingungen der Fressnapf-Gruppe verstoßen, werden abgelehnt. Sonst erfolgt die Veröffentlichung von positiven wie auch negativen Produktbewertungen.\nHier mehr Informationen rund um Produktbewertungen\n.\nWeitere Informationen zur Verarbeitung Ihrer personenbezogenen Daten entnehmen Sie bitte unseren\nDatenschutzhinweisen\n.",
  "rating": 4.28,
  "review": 687,
  "ingredients": "Analytische Bestandteile Protein 10,2%, Fettgehalt 5%, Rohasche 2,5%, Rohfaser 0,5%, Feuchtigkeit 80%, Calcium 0,3%, Phosphor 0,25% Zusammensetzung 60% Huhn (Herzen, 15% Muskelfleisch, Lebern, Mägen, Hälse, Fett), 7% Kartoffeln, 1% Mineralstoffe,0,5% Leinöl Feuchtegehalt 80% Zusatzstoffe pro kg Ernährungsphysiologische Zusatzstoffe: Vitamin D3 200 IE, Kupfer (Kupfer(II)-sulfat, Pentahydrat) 1mg, Jod (Kalziumjodat, wasserfrei) 0,75mg, Mangan (Mangan(II)-sulfat, Monohydrat) 1,4mg, Zink (Zinksulfat, Monohydrat) 25mg. Kann Spuren anderer Zutaten enthalten",
  "instock": true,
  "retail_limit": "10x"
},
{
  "_id": {
    "$oid": "66bef411a9267700a3bd01b1"
  },
  "unique_id": 1084043002,
  "competitor_name": "fressnapf",
  "product_name": "PREMIERE Best Meat Adult Rind 12.5 kg",
  "brand": "PREMIERE",
  "regular_price": 44.99,
  "selling_price": 44.99,
  "price_per_unit": "€3.60/kg",
  "currency": "EUR",
  "breadcrumb": "Heimat > Hund > Hundefutter > Hundetrockenfutter > PREMIERE Best Meat Adult Rind 12,5 kg",
  "pdp_url": "https://www.fressnapf.at/p/premiere-best-meat-adult-rind-125-kg-1084043002/",
  "variants": "{'variant': ['Huhn']}",
  "product_description": "PREMIERE\nArt.Nr.: 1084043002\nPREMIERE Best Meat besitzt einen extra hohen Fleischanteil (40%).\nBEST MEAT Adult enthält besonders viele wertvolle Proteine und ist besonders schmackhaft.\nErlesene Kräuter, Inulin und Vitamin C können eine ausgewogene Darmflora begünstigen und die Abwehrkräfte stärken.\nWertvolle Omega-3- und Omega-6- Fettsäuren können zu einer gesunden Haut und einem glänzenden Fell beitragen. Taurin ist wichtig für die Herzfunktion.\nDie in BEST MEAT Adult enthaltene Yucca schidigera kann auf natürliche Weise zur Verminderung unangenehmer Eigengerüche beitragen.\nDie Vorteile im Überblick:\nder hohe Gehalt an Fleisch ( 40% ) beinhaltet wertvolle Proteine\nreich an frischem Fleisch ( 14% ) für eine gute Akzeptanz\nerlesene Kräuter, Inulin und Vitamin C können Darmflora und Abwehrkräfte stärken\nYucca schidigera kann auf natürliche Weise zur Verminderung unangenehmer Eigengerüche beitragen\nWertvolle Omega-3- und Omega-6- Fettsäuren können zu einer gesunden Haut und einem glänzenden Fell beitragen.\nohne künstliche Farbstoffe und Konservierungsmittel\nmit Taurin für die Herzfunktion\n*Schmeckt nicht? Mit unserer\nQualitätsgarantie\nbekommst du dein Geld zurück und suchst dir einfach ein anderes Futter aus.\nAlleinfuttermittel fürausgewachsene Hunde mittelgroßer und großer Rassen ab 11kg. Weitere Informationen erhalten Sie hier:\ninfo@fressnapf.com\nFütterungsempfehlung\nAngaben sind Richtwerte. Der individuelle Bedarf richtet sich nach Rasse, Alter und Aktivität.\nBitte beachten Sie bei der Zufütterung von Snacks eine entsprechende Reduzierung der angegebenen Futtermenge.\nKühl undtrocken lagern. Immer frisches Trinkwasser bereitstellen. Kann Spuren anderer Zutaten enthalten.\nGewicht des Hundes\nFutterration in g/Tag bei normal aktiven Hunden\nFutterration in g/Tag bei weniger aktiven Hunden\n10kg\n155g\n125g\n15kg\n210g\n170g\n20kg\n260g\n210g\n25kg\n310g\n245g\n30kg\n355g\n285g\n40kg\n440g\n350g\n50kg\n520g\n415g\n60kg\n600g\n480g\nInhaltsstoffe\nAnalytische Bestandteile\nProtein 25%, Fettgehalt 12% Rohasche 8%, Rohfaser 4.5%, Calcium 2%, Phosphor 1,1%, Omega-3-Fettsäuren 0,5%, Omega-6-Fettsäuren 2%\nZusammensetzung\ngetrocknetes Rinderprotein 15%, frisches Rindfleisch 14%, Reis 14%, getrocknete Kartoffelpülpe 13,5%,Rindergriebenmehl 10%, Erbsen 9%, Reismehl 7,5%,  Geflügelfett 7%, Rübentrockenschnitzel 2,5%, Leinsaat 1,4%,hydrolisierte Tierproteine (Leber, Herz) 2,5%, Bierhefe 0,2%, Zichorienpülpe (0,2%, getrocknet, Inulin 0,1%), Lachsöl 0,1%, Sonnenblumenöl 0,1%, getrocknete Yucca schidigera 0,1%, Oregano 0,008%, Petersilie 0,008%, Majoran 0,008%,  Salbei 0,008%, Thymian 0,008%\nZusatzstoffe pro kg\nVitamin A 17000 IE, Vitamin D3 1200 IE, Vitamin C (Ascorbinsäure) 230mg, Vitamin E (all-rac-alpha-Tocopherylacetat) 200mg, Taurin 550mg, Kupfer (Kupfer-(II)-sulfat, Pentahydrat ) 13mg , Eisen (Eisen(II)-sulfat, Monohydrat) 116mg , Jod (Calciumjodat, wasserfrei ) 3mg , Mangan (Mangan-(II)-sulfat, Monohhydrat) 12mg , Selen (Selenmethionin aus Saccharomyces cerevisiae CNCM I-3399) 0,09mg, Zink (Zinksulfat, Monohydrat) 197mg\nVersandinformationen\nLieferungen erfolgen ab einem Mindestbestellwert von € 19,00 inkl. Mehrwertsteuer nach Abzug von Rabatten.\nWelche Versandkosten fallen für meine Bestellung an?\nWir berechnen € 2,99 bis zu einem Bestellwert von 29,00 €  – unabhängig von der Anzahl der Artikel und der Versandart.\nLieferungen ab 29,00 € werden mit 0,99 € Versandkosten pro Bestellung berechnet. Bei Bestellungen die ein Gesamtgewicht von 31 kg überschreiten, werden je nach Gewicht zwei oder mehrere Pakete versendet (Maximalgewicht pro Paket 31 kg). Für den erhöhten Versandaufwand berechnen wir einmalig zusätzliche Versandkosten in Höhe von 2,99 € pro Bestellung.\nLieferungen sind grundsätzlich nur innerhalb Österreichs möglich.\nDie Lieferzeit beträgt 1-3 Werktage bei Bestellungen bis 16 Uhr.\nKundenbewertungen und -rezensionen verstehen\nProduktbewertungen\nWie funktionieren Bewertungen in der Fressnapf-Gruppe (einschließlich Maxi Zoo)?\nKundenmeinungen in Form von Produkt- und Sternebewertungen sind dienlich für alle Kunden. Sie ermöglichen mehr über das Produkt zu erfahren und helfen bei Kaufentscheidung. Jeder Kunde, der ein Produkt Online oder im Markt erworben hat, kann eine Bewertung abgeben. Wir beziehen zudem Bewertungen aus Dritt-Quellen, z.B. von Hersteller-Seiten. Die Bewertungsherkunft wird an den jeweiligen Rezension ausgewiesen. Für Fressnapf ist das Meinungsbild seiner Kunden wichtig, um Schwachstellen zu analysieren und die Produktqualität zu verbessern. Alle Bewertungen werden durch unseren Dienstleister Bazaarvoice auf Vertrauenswürdigkeit geprüft. Bewertungsinhalte, die gegen die Nutzungsbedingungen der Fressnapf-Gruppe verstoßen, werden abgelehnt. Sonst erfolgt die Veröffentlichung von positiven wie auch negativen Produktbewertungen.\nHier mehr Informationen rund um Produktbewertungen\n.\nWeitere Informationen zur Verarbeitung Ihrer personenbezogenen Daten entnehmen Sie bitte unseren\nDatenschutzhinweisen\n.",
  "rating": 4.73,
  "review": 240,
  "ingredients": "Analytische Bestandteile Protein 25%, Fettgehalt 12% Rohasche 8%, Rohfaser 4.5%, Calcium 2%, Phosphor 1,1%, Omega-3-Fettsäuren 0,5%, Omega-6-Fettsäuren 2% Zusammensetzung getrocknetes Rinderprotein 15%, frisches Rindfleisch 14%, Reis 14%, getrocknete Kartoffelpülpe 13,5%,Rindergriebenmehl 10%, Erbsen 9%, Reismehl 7,5%,  Geflügelfett 7%, Rübentrockenschnitzel 2,5%, Leinsaat 1,4%,hydrolisierte Tierproteine (Leber, Herz) 2,5%, Bierhefe 0,2%, Zichorienpülpe (0,2%, getrocknet, Inulin 0,1%), Lachsöl 0,1%, Sonnenblumenöl 0,1%, getrocknete Yucca schidigera 0,1%, Oregano 0,008%, Petersilie 0,008%, Majoran 0,008%,  Salbei 0,008%, Thymian 0,008% Zusatzstoffe pro kg Vitamin A 17000 IE, Vitamin D3 1200 IE, Vitamin C (Ascorbinsäure) 230mg, Vitamin E (all-rac-alpha-Tocopherylacetat) 200mg, Taurin 550mg, Kupfer (Kupfer-(II)-sulfat, Pentahydrat ) 13mg , Eisen (Eisen(II)-sulfat, Monohydrat) 116mg , Jod (Calciumjodat, wasserfrei ) 3mg , Mangan (Mangan-(II)-sulfat, Monohhydrat) 12mg , Selen (Selenmethionin aus Saccharomyces cerevisiae CNCM I-3399) 0,09mg, Zink (Zinksulfat, Monohydrat) 197mg",
  "instock": true,
  "retail_limit": "10x"
},
{
  "_id": {
    "$oid": "66bef411a9267700a3bd01b2"
  },
  "unique_id": 1241794,
  "competitor_name": "fressnapf",
  "product_name": "PREMIERE Best Meat Adult Rind 2x12.5 kg",
  "brand": "PREMIERE",
  "regular_price": 79.98,
  "selling_price": 79.98,
  "price_per_unit": "€3.20/kg",
  "currency": "EUR",
  "breadcrumb": "Heimat > Hund > Hundefutter > Hundetrockenfutter > PREMIERE Best Meat Adult Rind 2x12,5 kg",
  "pdp_url": "https://www.fressnapf.at/p/premiere-best-meat-adult-rind-2x125-kg-1241794/",
  "variants": "{'variant': ['Huhn']}",
  "product_description": "PREMIERE\nArt.Nr.: 1241794\nPREMIERE Best Meat besitzt einen extra hohen Fleischanteil (40%).\nBEST MEAT Adult enthält besonders viele wertvolle Proteine und ist besonders schmackhaft.\nErlesene Kräuter, Inulin und Vitamin C können eine ausgewogene Darmflora begünstigen und die Abwehrkräfte stärken.\nWertvolle Omega-3- und Omega-6- Fettsäuren können zu einer gesunden Haut und einem glänzenden Fell beitragen. Taurin ist wichtig für die Herzfunktion.\nDie in BEST MEAT Adult enthaltene Yucca schidigera kann auf natürliche Weise zur Verminderung unangenehmer Eigengerüche beitragen.\nDie Vorteile im Überblick:\nder hohe Gehalt an Fleisch ( 40% ) beinhaltet wertvolle Proteine\nreich an frischem Fleisch ( 14% ) für eine gute Akzeptanz\nerlesene Kräuter, Inulin und Vitamin C können Darmflora und Abwehrkräfte stärken\nYucca schidigera kann auf natürliche Weise zur Verminderung unangenehmer Eigengerüche beitragen\nWertvolle Omega-3- und Omega-6- Fettsäuren können zu einer gesunden Haut und einem glänzenden Fell beitragen.\nohne künstliche Farbstoffe und Konservierungsmittel\nmit Taurin für die Herzfunktion\n*Schmeckt nicht? Mit unserer\nQualitätsgarantie\nbekommst du dein Geld zurück und suchst dir einfach ein anderes Futter aus.\nAlleinfuttermittel fürausgewachsene Hunde mittelgroßer und großer Rassen ab 11kg. Weitere Informationen erhalten Sie hier:\ninfo@fressnapf.com\nFütterungsempfehlung\nGewicht des Hundes\nFutterration in g/Tag bei normal aktiven Hunden\nFutterration in g/Tag bei weniger aktiven Hunden\n10kg\n155g\n125g\n15kg\n210g\n170g\n20kg\n260g\n210g\n25kg\n310g\n245g\n30kg\n355g\n285g\n40kg\n440g\n350g\n50kg\n520g\n415g\n60kg\n600g\n480g\nAngaben sind Richtwerte. Der individuelle Bedarf richtet sich nach Rasse, Alter und Aktivität.\nBitte beachten Sie bei der Zufütterung von Snacks eine entsprechende Reduzierung der angegebenen Futtermenge.\nKühl undtrocken lagern. Immer frisches Trinkwasser bereitstellen. Kann Spuren anderer Zutaten enthalten.\nInhaltsstoffe\nAnalytische Bestandteile\nProtein 25%, Fettgehalt 12% Rohasche 8%, Rohfaser 4.5%, Calcium 2%, Phosphor 1,1%, Omega-3-Fettsäuren 0,5%, Omega-6-Fettsäuren 2%\nZusammensetzung\ngetrocknetes Rinderprotein 15%, frisches Rindfleisch 14%, Reis 14%, getrocknete Kartoffelpülpe 13,5%,Rindergriebenmehl 10%, Erbsen 9%, Reismehl 7,5%,  Geflügelfett 7%, Rübentrockenschnitzel 2,5%, Leinsaat 1,4%,hydrolisierte Tierproteine (Leber, Herz) 2,5%, Bierhefe 0,2%, Zichorienpülpe (0,2%, getrocknet, Inulin 0,1%), Lachsöl 0,1%, Sonnenblumenöl 0,1%, getrocknete Yucca schidigera 0,1%, Oregano 0,008%, Petersilie 0,008%, Majoran 0,008%,  Salbei 0,008%, Thymian 0,008%\nZusatzstoffe pro kg\nVitamin A 17000 IE, Vitamin D3 1200 IE, Vitamin C (Ascorbinsäure) 230mg, Vitamin E (all-rac-alpha-Tocopherylacetat) 200mg, Taurin 550mg, Kupfer (Kupfer-(II)-sulfat, Pentahydrat ) 13mg , Eisen (Eisen(II)-sulfat, Monohydrat) 116mg , Jod (Calciumjodat, wasserfrei ) 3mg , Mangan (Mangan-(II)-sulfat, Monohhydrat) 12mg , Selen (Selenmethionin aus Saccharomyces cerevisiae CNCM I-3399) 0,09mg, Zink (Zinksulfat, Monohydrat) 197mg\nVersandinformationen\nLieferungen erfolgen ab einem Mindestbestellwert von € 19,00 inkl. Mehrwertsteuer nach Abzug von Rabatten.\nWelche Versandkosten fallen für meine Bestellung an?\nWir berechnen € 2,99 bis zu einem Bestellwert von 29,00 €  – unabhängig von der Anzahl der Artikel und der Versandart.\nLieferungen ab 29,00 € werden mit 0,99 € Versandkosten pro Bestellung berechnet. Bei Bestellungen die ein Gesamtgewicht von 31 kg überschreiten, werden je nach Gewicht zwei oder mehrere Pakete versendet (Maximalgewicht pro Paket 31 kg). Für den erhöhten Versandaufwand berechnen wir einmalig zusätzliche Versandkosten in Höhe von 2,99 € pro Bestellung.\nLieferungen sind grundsätzlich nur innerhalb Österreichs möglich.\nDie Lieferzeit beträgt 1-3 Werktage bei Bestellungen bis 16 Uhr.\nKundenbewertungen und -rezensionen verstehen\nProduktbewertungen\nWie funktionieren Bewertungen in der Fressnapf-Gruppe (einschließlich Maxi Zoo)?\nKundenmeinungen in Form von Produkt- und Sternebewertungen sind dienlich für alle Kunden. Sie ermöglichen mehr über das Produkt zu erfahren und helfen bei Kaufentscheidung. Jeder Kunde, der ein Produkt Online oder im Markt erworben hat, kann eine Bewertung abgeben. Wir beziehen zudem Bewertungen aus Dritt-Quellen, z.B. von Hersteller-Seiten. Die Bewertungsherkunft wird an den jeweiligen Rezension ausgewiesen. Für Fressnapf ist das Meinungsbild seiner Kunden wichtig, um Schwachstellen zu analysieren und die Produktqualität zu verbessern. Alle Bewertungen werden durch unseren Dienstleister Bazaarvoice auf Vertrauenswürdigkeit geprüft. Bewertungsinhalte, die gegen die Nutzungsbedingungen der Fressnapf-Gruppe verstoßen, werden abgelehnt. Sonst erfolgt die Veröffentlichung von positiven wie auch negativen Produktbewertungen.\nHier mehr Informationen rund um Produktbewertungen\n.\nWeitere Informationen zur Verarbeitung Ihrer personenbezogenen Daten entnehmen Sie bitte unseren\nDatenschutzhinweisen\n.",
  "rating": 4.73,
  "review": 240,
  "ingredients": "Analytische Bestandteile Protein 25%, Fettgehalt 12% Rohasche 8%, Rohfaser 4.5%, Calcium 2%, Phosphor 1,1%, Omega-3-Fettsäuren 0,5%, Omega-6-Fettsäuren 2% Zusammensetzung getrocknetes Rinderprotein 15%, frisches Rindfleisch 14%, Reis 14%, getrocknete Kartoffelpülpe 13,5%,Rindergriebenmehl 10%, Erbsen 9%, Reismehl 7,5%,  Geflügelfett 7%, Rübentrockenschnitzel 2,5%, Leinsaat 1,4%,hydrolisierte Tierproteine (Leber, Herz) 2,5%, Bierhefe 0,2%, Zichorienpülpe (0,2%, getrocknet, Inulin 0,1%), Lachsöl 0,1%, Sonnenblumenöl 0,1%, getrocknete Yucca schidigera 0,1%, Oregano 0,008%, Petersilie 0,008%, Majoran 0,008%,  Salbei 0,008%, Thymian 0,008% Zusatzstoffe pro kg Vitamin A 17000 IE, Vitamin D3 1200 IE, Vitamin C (Ascorbinsäure) 230mg, Vitamin E (all-rac-alpha-Tocopherylacetat) 200mg, Taurin 550mg, Kupfer (Kupfer-(II)-sulfat, Pentahydrat ) 13mg , Eisen (Eisen(II)-sulfat, Monohydrat) 116mg , Jod (Calciumjodat, wasserfrei ) 3mg , Mangan (Mangan-(II)-sulfat, Monohhydrat) 12mg , Selen (Selenmethionin aus Saccharomyces cerevisiae CNCM I-3399) 0,09mg, Zink (Zinksulfat, Monohydrat) 197mg",
  "instock": true,
  "retail_limit": "10x"
},
{
  "_id": {
    "$oid": "66bef411a9267700a3bd01b3"
  },
  "unique_id": 1241791,
  "competitor_name": "fressnapf",
  "product_name": "REAL NATURE WILDERNESS Junior True Country Huhn mit Fisch 2x12 kg",
  "brand": "REAL NATURE",
  "regular_price": 139.98,
  "selling_price": 139.98,
  "price_per_unit": "€5.83/kg",
  "currency": "EUR",
  "breadcrumb": "Heimat > Hund > Hundefutter > Hundetrockenfutter > REAL NATURE WILDERNESS Junior True Country Huhn mit Fisch 2x12 kg",
  "pdp_url": "https://www.fressnapf.at/p/real-nature-wilderness-junior-true-country-huhn-mit-fisch-2x12-kg-1241791/",
  "product_description": "REAL NATURE\nArt.Nr.: 1241791\n*Schmeckt nicht? Mit unserer\nAkzeptanzgarantie\nbekommst du dein Geld zurück und suchst dir einfach ein anderes Futter aus.\nREAL NATURE WILDERNESS Junior Huhn mit Fisch ist optimal für Welpen und Junghunde aller Rassen und Größen vom Absetzen bis zum ca. 24 Lebensmonat.\nREAL NATURE WILDERNESS folgt der Natur Ihres Hundes. Es orientiert sich an der Ernährung des Wolfes als Vorfahr des Hundes und ermöglicht Ihnen, Ihr Tier so artgerecht wie möglich zu ernähren. REAL NATURE WILDERNESS besteht aus 70% hochwertigem Huhn und / oder Fisch, 30% Obst, Gemüse und Kräutern und 0% Getreide. Enthält Kartoffeln als einzige Kohlenhydratquelle und frisches Hühnerfleisch als hochwertige tierische Proteinquelle. Wertvolles Lachsöl ergänzt die REAL NATURE WILDERNESS Rezepturen sinnvoll, indem es essentielle Fettsäuren liefert. REAL NATURE WILDERNESS ist 100% natürlich1 und frei von Konservierungs-, Aroma- und Farbstoffen. Die Junior Rezeptur ist optimal auf den Bedarf des jungen Hundes abgestimmt.\nDie Vorteile im Überblick:\n100 % natürlich1 – ohne Konservierungs-, Aroma- und Farbstoffe\n70 % Geflügel und / oder Fisch, z.B. vom Huhn, Lachs oder Weißfisch als hochwertige tierische Proteinquellen\n30 % Obst, Gemüse und Kräuter, wie z.B. Löwenzahn, Cranberries, Äpfel und Thymian\ngetreidefrei –  Kartoffeln sind die einzige Kohlenhydratquelle\nartgerechte Ernährung nach dem Vorbild des Wolfes\nmit einem hohen Fleischanteil\nangepasst an die Lebensphasen des Hundes (Junior / Adult)\n1 in den eigesetzten Rohstoffen\nMöchtest du mehr über die Produkte von REAL NATURE für Hunde erfahren? Tauche\nhier\nin die Welt der Produktvielfalt von REAL NATURE ein!\nAlleinfuttermittel für Welpen und Junghunde aller Rassen und Größen vom Absetzen bis zum ca. 24 Lebensmonat (je nach Hundegröße). Weitere Informationen erhalten Sie hier: info@fressnapf.com\nMehr Produktinfos\nInverkehrbringer\nMultiFit Tiernahrungs GmbH, Westpreußenstr. 32-38, 47809 Krefeld",
  "special_nutrition_purpose": "Alleinfuttermittel für Junior Hunde",
  "rating": 4.37,
  "review": 149,
  "distributor_address": "MultiFit Tiernahrungs GmbH, Westpreußenstr. 32-38, 47809 Krefeld",
  "ingredients": "Analytische Bestandteile Protein 39%, Fettgehalt 20%, Rohasche 7%, Rohfaser 3,5%, Calcium 1,6%, Phosphor 1,1%. Zusammensetzung Hühnerprotein (20%), frisches Hühnerfleisch (18%), Kartoffeln (12%), Kartoffelmehl (10%), frischer Lachs (8%), Hühnerfett (5%), Hühnerprotein, hydrolysiert (4%), frisches Entenfleisch (4%), Hering (4%), Äpfel (4%), Lachsöl (4%), frische Hühnerleber (3%), Karotten (1%), Spinat (1%), Erbsen (1%), Glucosaminsulfat (0,026%), Chondroitinsulfat (0,016%), Mannan-Oligosaccharide (0,015%), Fructo-Oligosaccharide (0,012%), Yucca schidigera (0,01%), Cranberries (0,005%), Rosmarin (0,004%), Flohsamen (0,002%), Algen (Ascophyllum nodosum) (0,0018%), Thymian (0,0014%), Pfefferminze (0,0014%), Löwenzahn (0,0012%), Petersilie (0,001%). Kann Spuren anderer Zutaten enthalten. Zusatzstoffe pro kg Ernährungsphysiologische Zusatzstoffe: Vitamin A 20000 IE, Vitamin D3 1500 IE, Vitamin E 500mg, Vitamin B2 3,8mg, Eisen (3b106) 72mg, Kupfer (3b406) 15mg, Jod (3b201) 0,65mg, Mangan (3b504) 35mg, Selen (3b810) 0,25mg, Zink (3b606) 80mg.",
  "instock": true,
  "retail_limit": "10x"
},
{
  "_id": {
    "$oid": "66bef411a9267700a3bd01b4"
  },
  "unique_id": 1173939001,
  "competitor_name": "fressnapf",
  "product_name": "REAL NATURE WILDERNESS True Country Adult Huhn mit Fisch 7 kg",
  "brand": "REAL NATURE",
  "regular_price": 54.99,
  "selling_price": 54.99,
  "price_per_unit": "€7.86/kg",
  "currency": "EUR",
  "breadcrumb": "Heimat > Katze > Katzenfutter > Trockenfutter > REAL NATURE WILDERNESS True Country Adult Huhn mit Fisch 7 kg",
  "pdp_url": "https://www.fressnapf.at/p/real-nature-wilderness-true-country-adult-huhn-mit-fisch-7-kg-1173939001/",
  "product_description": "REAL NATURE\nArt.Nr.: 1173939001\n*Schmeckt nicht? Mit unserer\nAkzeptanzgarantie\nbekommst du dein Geld zurück und suchst dir einfach ein anderes Futter aus.\nREAL NATURE WILDERNESS orientiert sich an der Ernährung ihrer Vorfahren, der Wildkatze, und ermöglicht Ihnen, Ihr Tier so artgerecht wie möglich zu ernähren.\nDiese REAL NATURE WILDERNESS Rezeptur besteht aus 75% hochwertigem Huhn und Fisch, 25% Obst, Gemüse und Kräutern und 0% Getreide. Sie enthält unter anderem frisches Huhn und frischen Lachs als hochwertige tierische Proteinquellen, Kartoffeln als Kohlenhydratquelle sowie wertvolles Lachsöl.\nREAL NATURE WILDERNESS ist 100% natürlich1 und frei von Konservierungs-, Aroma- und Farbstoffen.\nDie Vorteile im Überblick:\n75% hochwertiges Huhn und Fisch, 25% Obst, Gemüse und Kräutern und 0% Getreide\n0% Getreide, getreidefreie Rezeptur\nfrei von Konservierungs-, Aroma- und Farbstoffen\norientiert sich an der Ernährung der Vorfahren der Katze\n1 in den eingesetzten Rohstoffen\nMöchtest du mehr über die Produkte von REAL NATURE für Katzen erfahren? Tauche\nhier\nin die Welt der Produktvielfalt von REAL NATURE ein!\nAlleinfuttermittel für ausgewachsene Katzen. Weitere Informationen erhalten Sie hier:\ninfo@fressnapf.com\nMehr Produktinfos\nInverkehrbringer\nMultiFit Tiernahrungs GmbH, Westpreußenstr. 32-38, 47809 Krefeld",
  "rating": 4.75,
  "review": 166,
  "distributor_address": "MultiFit Tiernahrungs GmbH, Westpreußenstr. 32-38, 47809 Krefeld",
  "ingredients": "Analytische Bestandteile Protein 39%, Fettgehalt 19%, Rohasche 8,5%, Rohfaser 3%, Calcium 1,4%, Phosphor 1,15%. Zusammensetzung Hühnerprotein (25,8%), frisches Hühnerfleisch (16%), Kartoffelflocken (12,6%), Lachsmehl (8%), Hühnerfett (7,7%), frischer Lachs(6%), Heringsmehl (5%), Kartoffelstärke (4,2%), Äpfel (3%), Hühnerprotein, hydrolysiert (3%), frische Hühnerleber (3%), Lignocellulose (1,9%), Spinat (0,5%), Lachsöl (0,5%), Sonnenblumenöl (0,3%), Kaliumchlorid (0,2%), Zichorien-Inulin (0,2%), Hefezellwände (0,2%, entspricht 0,04% Mannan-Oligosaccharide), Rosmarin (0,04%), Katzenminze (0,04%), Petersilie (0,04%), Brennnesseln (0,04%), Kamille (0,04%), Flohsamenschalen (0,03%), Yucca schidigera (0,02%), Seealgenmehl (0,01%, Ascophyllum nodosum). Kann Spuren anderer Zutaten enthalten. Zusatzstoffe pro kg Ernährungsphysiologische Zusatzstoffe: Vitamin A 15000 IE, Vitamin D3 1500 IE, Vitamin E 400mg, Vitamin C 100mg, Taurin 2200mg, Eisen (3b103) 250mg, Kupfer (3b405) 12mg, Jod (3b202) 1,8mg, Mangan (3b503) 25mg, Selen (3b801) 0,4mg, Zink (3b605) 160mg.",
  "instock": true,
  "retail_limit": "10x"
},
{
  "_id": {
    "$oid": "66bef411a9267700a3bd01b5"
  },
  "unique_id": 1083996001,
  "competitor_name": "fressnapf",
  "product_name": "REAL NATURE WILDERNESS Junior True Country Huhn mit Fisch 1 kg",
  "brand": "REAL NATURE",
  "regular_price": 14.49,
  "selling_price": 14.49,
  "price_per_unit": "€14.49/kg",
  "currency": "EUR",
  "breadcrumb": "Heimat > Hund > Hundefutter > Hundetrockenfutter > REAL NATURE WILDERNESS Junior True Country Huhn mit Fisch 1 kg",
  "pdp_url": "https://www.fressnapf.at/p/real-nature-wilderness-junior-true-country-huhn-mit-fisch-1-kg-1083996001/",
  "product_description": "REAL NATURE\nArt.Nr.: 1083996001\n*Schmeckt nicht? Mit unserer\nAkzeptanzgarantie\nbekommst du dein Geld zurück und suchst dir einfach ein anderes Futter aus.\nREAL NATURE WILDERNESS Junior Huhn mit Fisch ist optimal für Welpen und Junghunde aller Rassen und Größen vom Absetzen bis zum ca. 24 Lebensmonat.\nREAL NATURE WILDERNESS folgt der Natur Ihres Hundes. Es orientiert sich an der Ernährung des Wolfes als Vorfahr des Hundes und ermöglicht Ihnen, Ihr Tier so artgerecht wie möglich zu ernähren. REAL NATURE WILDERNESS besteht aus 70% hochwertigem Huhn und / oder Fisch, 30% Obst, Gemüse und Kräutern und 0% Getreide. Enthält Kartoffeln als einzige Kohlenhydratquelle und frisches Hühnerfleisch als hochwertige tierische Proteinquelle. Wertvolles Lachsöl ergänzt die REAL NATURE WILDERNESS Rezepturen sinnvoll, indem es essentielle Fettsäuren liefert. REAL NATURE WILDERNESS ist 100% natürlich1 und frei von Konservierungs-, Aroma- und Farbstoffen. Die Junior Rezeptur ist optimal auf den Bedarf des jungen Hundes abgestimmt.\nDie Vorteile im Überblick:\n100 % natürlich1 – ohne Konservierungs-, Aroma- und Farbstoffe\n70 % Geflügel und / oder Fisch, z.B. vom Huhn, Lachs oder Weißfisch als hochwertige tierische Proteinquellen\n30 % Obst, Gemüse und Kräuter, wie z.B. Löwenzahn, Cranberries, Äpfel und Thymian\ngetreidefrei –  Kartoffeln sind die einzige Kohlenhydratquelle\nartgerechte Ernährung nach dem Vorbild des Wolfes\nmit einem hohen Fleischanteil\nangepasst an die Lebensphasen des Hundes (Junior / Adult)\n1 in den eigesetzten Rohstoffen\nMöchtest du mehr über die Produkte von REAL NATURE für Hunde erfahren? Tauche\nhier\nin die Welt der Produktvielfalt von REAL NATURE ein!\nAlleinfuttermittel für Welpen und Junghunde aller Rassen und Größen vom Absetzen bis zum ca. 24 Lebensmonat (je nach Hundegröße). Weitere Informationen erhalten Sie hier: info@fressnapf.com\nMehr Produktinfos\nInverkehrbringer\nMultiFit Tiernahrungs GmbH, Westpreußenstr. 32-38, 47809 Krefeld",
  "rating": 4.37,
  "review": 149,
  "distributor_address": "MultiFit Tiernahrungs GmbH, Westpreußenstr. 32-38, 47809 Krefeld",
  "ingredients": "Analytische Bestandteile Protein 39%, Fettgehalt 20%, Rohasche 7%, Rohfaser 3,5%, Calcium 1,6%, Phosphor 1,1% Zusammensetzung Hühnerprotein (20%), frisches Hühnerfleisch (18%), Kartoffeln (12%), Kartoffelmehl (10%), frischer Lachs (8%), Hühnerfett (5%), Hühnerprotein, hydrolysiert (4%), frisches Entenfleisch (4%), Hering (4%), Äpfel (4%), Lachsöl (4%), frische Hühnerleber (3%), Karotten (1%), Spinat (1%), Erbsen (1%), Glucosaminsulfat (0,026%), Chondroitinsulfat (0,016%), Mannan-Oligosaccharide (0,015%), Fructo-Oligosaccharide (0,012%), Yucca schidigera (0,01%), Cranberries (0,005%), Rosmarin (0,004%), Flohsamen (0,002%), Algen (Ascophyllum nodosum) (0,0018%), Thymian (0,0014%), Pfefferminze (0,0014%), Löwenzahn (0,0012%), Petersilie (0,001%). Kann Spuren anderer Zutaten enthalten. Zusatzstoffe pro kg Ernährungsphysiologische Zusatzstoffe: Vitamin A 20000 IE, Vitamin D3 1500 IE, Vitamin E 500mg, Vitamin B2 3,8mg, Eisen (3b106) 72mg, Kupfer (3b406) 15mg, Jod (3b201) 0,65mg, Mangan (3b504) 35mg, Selen (3b810) 0,25mg, Zink (3b606) 80mg.",
  "instock": true,
  "retail_limit": "5x"
},
{
  "_id": {
    "$oid": "66bef411a9267700a3bd01b6"
  },
  "unique_id": 1173937002,
  "competitor_name": "fressnapf",
  "product_name": "REAL NATURE WILDERNESS True Country Adult Huhn mit Fisch 300 g",
  "brand": "REAL NATURE",
  "regular_price": 5.79,
  "selling_price": 5.79,
  "price_per_unit": "€19.30/kg",
  "currency": "EUR",
  "breadcrumb": "Heimat > Katze > Katzenfutter > Trockenfutter > REAL NATURE WILDERNESS True Country Adult Huhn mit Fisch 300 g",
  "pdp_url": "https://www.fressnapf.at/p/real-nature-wilderness-true-country-adult-huhn-mit-fisch-300-g-1173937002/",
  "product_description": "REAL NATURE\nArt.Nr.: 1173937002\n*Schmeckt nicht? Mit unserer\nAkzeptanzgarantie\nbekommst du dein Geld zurück und suchst dir einfach ein anderes Futter aus.\nREAL NATURE WILDERNESS orientiert sich an der Ernährung ihrer Vorfahren, der Wildkatze, und ermöglicht Ihnen, Ihr Tier so artgerecht wie möglich zu ernähren.\nDiese REAL NATURE WILDERNESS Rezeptur besteht aus 75% hochwertigem Huhn und Fisch, 25% Obst, Gemüse und Kräutern und 0% Getreide. Sie enthält unter anderem frisches Huhn und frischen Lachs als hochwertige tierische Proteinquellen, Kartoffeln als Kohlenhydratquelle sowie wertvolles Lachsöl.\nREAL NATURE WILDERNESS ist 100% natürlich1 und frei von Konservierungs-, Aroma- und Farbstoffen.\nDie Vorteile im Überblick:\n75% hochwertiges Huhn und Fisch, 25% Obst, Gemüse und Kräutern und 0% Getreide\n0% Getreide, getreidefreie Rezeptur\nfrei von Konservierungs-, Aroma- und Farbstoffen\norientiert sich an der Ernährung der Vorfahren der Katze\n1 in den eingesetzten Rohstoffen\nMöchtest du mehr über die Produkte von REAL NATURE für Katzen erfahren? Tauche\nhier\nin die Welt der Produktvielfalt von REAL NATURE ein!\nAlleinfuttermittel für ausgewachsene Katzen. Weitere Informationen erhalten Sie hier:\ninfo@fressnapf.com\nMehr Produktinfos\nInverkehrbringer\nMultiFit Tiernahrungs GmbH, Westpreußenstr. 32-38, 47809 Krefeld",
  "rating": 4.75,
  "review": 166,
  "distributor_address": "MultiFit Tiernahrungs GmbH, Westpreußenstr. 32-38, 47809 Krefeld",
  "ingredients": "Analytische Bestandteile Protein 39%, Fettgehalt 19%, Rohasche 8,5%, Rohfaser 3%, Calcium 1,4%, Phosphor 1,15%. Zusammensetzung Hühnerprotein (25,8%), frisches Hühnerfleisch (16%), Kartoffelflocken (12,6%), Lachsmehl (8%), Hühnerfett (7,7%), frischer Lachs(6%), Heringsmehl (5%), Kartoffelstärke (4,2%), Äpfel (3%), Hühnerprotein, hydrolysiert (3%), frische Hühnerleber (3%), Lignocellulose (1,9%), Spinat (0,5%), Lachsöl (0,5%), Sonnenblumenöl (0,3%), Kaliumchlorid (0,2%), Zichorien-Inulin (0,2%), Hefezellwände (0,2%, entspricht 0,04% Mannan-Oligosaccharide), Rosmarin (0,04%), Katzenminze (0,04%), Petersilie (0,04%), Brennnesseln (0,04%), Kamille (0,04%), Flohsamenschalen (0,03%), Yucca schidigera (0,02%), Seealgenmehl (0,01%, Ascophyllum nodosum). Kann Spuren anderer Zutaten enthalten. Zusatzstoffe pro kg Ernährungsphysiologische Zusatzstoffe: Vitamin A 15000 IE, Vitamin D3 1500 IE, Vitamin E 400mg, Vitamin C 100mg, Taurin 2200mg, Eisen (3b103) 250mg, Kupfer (3b405) 12mg, Jod (3b202) 1,8mg, Mangan (3b503) 25mg, Selen (3b801) 0,4mg, Zink (3b605) 160mg.",
  "instock": true,
  "retail_limit": "10x"
},
{
  "_id": {
    "$oid": "66bef411a9267700a3bd01b7"
  },
  "unique_id": 1242828,
  "competitor_name": "fressnapf",
  "product_name": "AniOne Unterstand Finn",
  "brand": "AniOne",
  "regular_price": 14.99,
  "selling_price": 14.99,
  "currency": "EUR",
  "breadcrumb": "Heimat > Kleintier > Kleintierheim > Käfigzubehör > AniOne Unterstand Finn",
  "pdp_url": "https://www.fressnapf.at/p/anione-unterstand-finn-1242828/",
  "product_description": "AniOne\nArt.Nr.: 1242828\nPerfekt zum Klettern, Verkriechen und Ausschau halten.\nDer AniOne Unterstand Finn bietet sowohl eine Versteck- und Rückzugsmöglichkeit als auch einen super Aussichtspunkt. Die angebrachte Treppe kann individuell verschoben werden und erleichtert so den Auf- und Abstieg. Das robuste Naturholz aus nachhaltig bewirtschafteten Wäldern sorgt beim Anknabbern für die natürliche Abnutzung der Nagerzähne. Eine leichte Montage wird durch anschraubbare Beine ermöglicht.\nMaße: 37x17x28cm\nWarnhinweis:\nBitte untersuchen Sie den Artikel regelmäßig auf Verbissspuren und tauschen Sie ihn bei Bedarf aus.\nInverkehrbringer\nMultiFit Tiernahrungs GmbH, Westpreußenstr. 32-38, 47809 Krefeld",
  "rating": 3.14,
  "review": 29,
  "distributor_address": "MultiFit Tiernahrungs GmbH, Westpreußenstr. 32-38, 47809 Krefeld",
  "instock": true,
  "warning": "Bitte untersuchen Sie den Artikel regelmäßig auf Verbissspuren und tauschen Sie ihn bei Bedarf aus.",
  "retail_limit": "8x"
},
{
  "_id": {
    "$oid": "66bef411a9267700a3bd01b8"
  },
  "unique_id": 1243367,
  "competitor_name": "fressnapf",
  "product_name": "PREMIERE Meati Sensitive Rind pur 6x800 g",
  "brand": "PREMIERE",
  "regular_price": 20.34,
  "selling_price": 20.34,
  "price_per_unit": "€4.24/kg",
  "currency": "EUR",
  "breadcrumb": "Heimat > Hund > Hundefutter > Hundenassfutter > PREMIERE Meati Sensitive Rind pur 6x800 g",
  "pdp_url": "https://www.fressnapf.at/p/premiere-meati-sensitive-rind-pur-6x800-g-1243367/",
  "variants": "{'variant': ['Rind & Kartoffel', 'Huhn & Kartoffel', 'Pferd & Kartoffeln', 'Ente pur', 'Lamm & Kartoffel', 'Lamm pur', 'Pferd pur', 'Huhn pur']}",
  "product_description": "PREMIERE\nArt.Nr.: 1243367\nPREMIERE Meati Sensitive - für ernährungssensible Hunde sowie bei Futtermittelunverträglichkeiten\nBesonders abgestimmtes Nassfutter, das sich durch folgende Vorteile auszeichnet:\nNur ein ausgewähltes Protein in der Rezeptur\nDie\nPur-Sorten\nohne pflanzliche Kohlenhydrate eignen sich besonders für Hunde, die auf Reis, Getreide oder Kartoffeln reagieren\nFür ernährungssensible Hunde geeignet\nHergestellt in Deutschland\nDie getreide- und glutenfreie Rezeptur trägt zur Schonung des Magen-Darm-Trakts und zu einer optimalen Verdauung bei und ist ideal bei Futtermittelunverträglichkeiten.\n*Schmeckt nicht? Mit unserer\nQualitätsgarantie\nbekommst du dein Geld zurück und suchst dir einfach ein anderes Futter aus.\nAlleinfuttermittel für ausgewachsene, ernährungssensible Hunde, weitere Informationen erhalten Sie hier: info@fressnapf.com\nFütterungsempfehlung\nGewicht des Tieres\nFuttermenge pro Tag\n10 kg\n400 g\n15 kg\n540 g\n20 kg\n670 g\n25 kg\n790 g\n30 kg\n910 g\n35 kg\n1020 g\n40 kg\n1130 g\n45 kg\n1240 g\n50 kg\n1340 g\n60 kg\n1553 g\n70 kg\n1720 g\n80 kg\n1900 g\nInhaltsstoffe\nAnalytische Bestandteile\nProtein 11,2%, Fettgehalt 7,2%, Rohasche 2,2%, Rohfaser 0,3%, Feuchtigkeit 75%, Calcium 0,3%, Phosphor 0,25%\nZusammensetzung\n65% Rind (Herzen, 15% Muskelfleisch, Lebern, Lungen, Pansen), 1% Mineralstoffe, 0,5% Leinöl\nFeuchtegehalt\n75%\nZusatzstoffe pro kg\nErnährungsphysiologische Zusatzstoffe/kg: Vitamin D3 200 IE, Jod (Kalziumjodat, wasserfrei) 0,75mg, Mangan (Mangan(II)-sulfat, Monohydrat) 1,4mg, Zink (Zinksulfat, Monohydrat) 25mg Kann Spuren anderer Zutaten enthalten\nVersandinformationen\nLieferungen erfolgen ab einem Mindestbestellwert von € 19,00 inkl. Mehrwertsteuer nach Abzug von Rabatten.\nWelche Versandkosten fallen für meine Bestellung an?\nWir berechnen € 2,99 bis zu einem Bestellwert von 29,00 €  – unabhängig von der Anzahl der Artikel und der Versandart.\nLieferungen ab 29,00 € werden mit 0,99 € Versandkosten pro Bestellung berechnet. Bei Bestellungen die ein Gesamtgewicht von 31 kg überschreiten, werden je nach Gewicht zwei oder mehrere Pakete versendet (Maximalgewicht pro Paket 31 kg). Für den erhöhten Versandaufwand berechnen wir einmalig zusätzliche Versandkosten in Höhe von 2,99 € pro Bestellung.\nLieferungen sind grundsätzlich nur innerhalb Österreichs möglich.\nDie Lieferzeit beträgt 1-3 Werktage bei Bestellungen bis 16 Uhr.\nKundenbewertungen und -rezensionen verstehen\nProduktbewertungen\nWie funktionieren Bewertungen in der Fressnapf-Gruppe (einschließlich Maxi Zoo)?\nKundenmeinungen in Form von Produkt- und Sternebewertungen sind dienlich für alle Kunden. Sie ermöglichen mehr über das Produkt zu erfahren und helfen bei Kaufentscheidung. Jeder Kunde, der ein Produkt Online oder im Markt erworben hat, kann eine Bewertung abgeben. Wir beziehen zudem Bewertungen aus Dritt-Quellen, z.B. von Hersteller-Seiten. Die Bewertungsherkunft wird an den jeweiligen Rezension ausgewiesen. Für Fressnapf ist das Meinungsbild seiner Kunden wichtig, um Schwachstellen zu analysieren und die Produktqualität zu verbessern. Alle Bewertungen werden durch unseren Dienstleister Bazaarvoice auf Vertrauenswürdigkeit geprüft. Bewertungsinhalte, die gegen die Nutzungsbedingungen der Fressnapf-Gruppe verstoßen, werden abgelehnt. Sonst erfolgt die Veröffentlichung von positiven wie auch negativen Produktbewertungen.\nHier mehr Informationen rund um Produktbewertungen\n.\nWeitere Informationen zur Verarbeitung Ihrer personenbezogenen Daten entnehmen Sie bitte unseren\nDatenschutzhinweisen\n.",
  "rating": 4.28,
  "review": 687,
  "ingredients": "Analytische Bestandteile Protein 11,2%, Fettgehalt 7,2%, Rohasche 2,2%, Rohfaser 0,3%, Feuchtigkeit 75%, Calcium 0,3%, Phosphor 0,25% Zusammensetzung 65% Rind (Herzen, 15% Muskelfleisch, Lebern, Lungen, Pansen), 1% Mineralstoffe, 0,5% Leinöl Feuchtegehalt 75% Zusatzstoffe pro kg Ernährungsphysiologische Zusatzstoffe/kg: Vitamin D3 200 IE, Jod (Kalziumjodat, wasserfrei) 0,75mg, Mangan (Mangan(II)-sulfat, Monohydrat) 1,4mg, Zink (Zinksulfat, Monohydrat) 25mg Kann Spuren anderer Zutaten enthalten",
  "instock": true,
  "retail_limit": "10x"
},
{
  "_id": {
    "$oid": "66bef411a9267700a3bd01b9"
  },
  "unique_id": 1243343,
  "competitor_name": "fressnapf",
  "product_name": "REAL NATURE WILDERNESS True Country Adult Huhn mit Fisch 2x7 kg",
  "brand": "REAL NATURE",
  "regular_price": 109.98,
  "selling_price": 109.98,
  "price_per_unit": "€7.86/kg",
  "currency": "EUR",
  "breadcrumb": "Heimat > Katze > Katzenfutter > Trockenfutter > REAL NATURE WILDERNESS True Country Adult Huhn mit Fisch 2x7 kg",
  "pdp_url": "https://www.fressnapf.at/p/real-nature-wilderness-true-country-adult-huhn-mit-fisch-2x7-kg-1243343/",
  "product_description": "REAL NATURE\nArt.Nr.: 1243343\n*Schmeckt nicht? Mit unserer\nAkzeptanzgarantie\nbekommst du dein Geld zurück und suchst dir einfach ein anderes Futter aus.\nREAL NATURE WILDERNESS orientiert sich an der Ernährung ihrer Vorfahren, der Wildkatze, und ermöglicht Ihnen, Ihr Tier so artgerecht wie möglich zu ernähren.\nDiese REAL NATURE WILDERNESS Rezeptur besteht aus 75% hochwertigem Huhn und Fisch, 25% Obst, Gemüse und Kräutern und 0% Getreide. Sie enthält unter anderem frisches Huhn und frischen Lachs als hochwertige tierische Proteinquellen, Kartoffeln als Kohlenhydratquelle sowie wertvolles Lachsöl.\nREAL NATURE WILDERNESS ist 100% natürlich1 und frei von Konservierungs-, Aroma- und Farbstoffen.\nDie Vorteile im Überblick:\n75% hochwertiges Huhn und Fisch, 25% Obst, Gemüse und Kräutern und 0% Getreide\n0% Getreide, getreidefreie Rezeptur\nfrei von Konservierungs-, Aroma- und Farbstoffen\norientiert sich an der Ernährung der Vorfahren der Katze\n1 in den eingesetzten Rohstoffen\nMöchtest du mehr über die Produkte von REAL NATURE für Katzen erfahren? Tauche\nhier\nin die Welt der Produktvielfalt von REAL NATURE ein!\nAlleinfuttermittel für ausgewachsene Katzen. Weitere Informationen erhalten Sie hier:\ninfo@fressnapf.com\nMehr Produktinfos\nInverkehrbringer\nMultiFit Tiernahrungs GmbH, Westpreußenstr. 32-38, 47809 Krefeld",
  "rating": 4.75,
  "review": 166,
  "distributor_address": "MultiFit Tiernahrungs GmbH, Westpreußenstr. 32-38, 47809 Krefeld",
  "ingredients": "Analytische Bestandteile Protein 39%, Fettgehalt 19%, Rohasche 8,5%, Rohfaser 3%, Calcium 1,4%, Phosphor 1,15%. Zusammensetzung Hühnerprotein (25,8%), frisches Hühnerfleisch (16%), Kartoffelflocken (12,6%), Lachsmehl (8%), Hühnerfett (7,7%), frischer Lachs(6%), Heringsmehl (5%), Kartoffelstärke (4,2%), Äpfel (3%), Hühnerprotein, hydrolysiert (3%), frische Hühnerleber (3%), Lignocellulose (1,9%), Spinat (0,5%), Lachsöl (0,5%), Sonnenblumenöl (0,3%), Kaliumchlorid (0,2%), Zichorien-Inulin (0,2%), Hefezellwände (0,2%, entspricht 0,04% Mannan-Oligosaccharide), Rosmarin (0,04%), Katzenminze (0,04%), Petersilie (0,04%), Brennnesseln (0,04%), Kamille (0,04%), Flohsamenschalen (0,03%), Yucca schidigera (0,02%), Seealgenmehl (0,01%, Ascophyllum nodosum). Kann Spuren anderer Zutaten enthalten. Zusatzstoffe pro kg Ernährungsphysiologische Zusatzstoffe: Vitamin A 15000 IE, Vitamin D3 1500 IE, Vitamin E 400mg, Vitamin C 100mg, Taurin 2200mg, Eisen (3b103) 250mg, Kupfer (3b405) 12mg, Jod (3b202) 1,8mg, Mangan (3b503) 25mg, Selen (3b801) 0,4mg, Zink (3b605) 160mg.",
  "instock": true,
  "retail_limit": "10x"
},
{
  "_id": {
    "$oid": "66bef411a9267700a3bd01ba"
  },
  "unique_id": 1243368,
  "competitor_name": "fressnapf",
  "product_name": "PREMIERE Meati Sensitive Rind & Kartoffel 6x800 g",
  "brand": "PREMIERE",
  "regular_price": 20.34,
  "selling_price": 20.34,
  "price_per_unit": "€4.24/kg",
  "currency": "EUR",
  "breadcrumb": "Heimat > Hund > Hundefutter > Hundenassfutter > PREMIERE Meati Sensitive Rind & Kartoffel 6x800 g",
  "pdp_url": "https://www.fressnapf.at/p/premiere-meati-sensitive-rind--kartoffel-6x800-g-1243368/",
  "variants": "{'variant': ['Pferd pur', 'Huhn & Kartoffel', 'Pferd & Kartoffeln', 'Rind pur', 'Lamm & Kartoffel', 'Lamm pur', 'Huhn pur', 'Ente pur']}",
  "product_description": "PREMIERE\nArt.Nr.: 1243368\nPREMIERE Meati Sensitive - für ernährungssensible Hunde sowie bei Futtermittelunverträglichkeiten\nBesonders abgestimmtes Nassfutter, das sich durch folgende Vorteile auszeichnet:\nNur ein ausgewähltes Protein in der Rezeptur\nDie\nPur-Sorten\nohne pflanzliche Kohlenhydrate eignen sich besonders für Hunde, die auf Reis, Getreide oder Kartoffeln reagieren\nFür ernährungssensible Hunde geeignet\nHergestellt in Deutschland\nDie getreide- und glutenfreie Rezeptur trägt zur Schonung des Magen-Darm-Trakts und zu einer optimalen Verdauung bei und ist ideal bei Futtermittelunverträglichkeiten.\n*Schmeckt nicht? Mit unserer\nQualitätsgarantie\nbekommst du dein Geld zurück und suchst dir einfach ein anderes Futter aus.\nAlleinfuttermittel für ausgewachsene, ernährungssensible Hunde, weitere Informationen erhalten Sie hier: info@fressnapf.com\nFütterungsempfehlung\nGewicht des Tieres\nFuttermenge pro Tag\n10 kg\n400 g\n15 kg\n540 g\n20 kg\n670 g\n25 kg\n790 g\n30 kg\n910 g\n35 kg\n1020 g\n40 kg\n1130 g\n45 kg\n1240 g\n50 kg\n1340 g\n60 kg\n1553 g\n70 kg\n1720 g\n80 kg\n1900 g\nInhaltsstoffe\nAnalytische Bestandteile\nProtein 10,9%, Fettgehalt 7%, Rohasche 2,4%, Rohfaser 0,5%,  Calcium 0,30%, Phosphor 0,25%\nZusammensetzung\n60% Rind (Herzen, Lebern, Lungen, 15% Muskelfleisch, Pansen), 7% Kartoffel, 1% Mineralstoffe, 0,5% Leinöl\nFeuchtegehalt\n75%\nZusatzstoffe pro kg\nErnährungsphysiologische Zusatzstoffe/kg: Vitamin D3 200 IE, Jod (Kalziumjodat, wasserfrei) 0,75mg, Mangan (Mangan(II)-sulfat, Monohydrat) 1,4mg, Zink (Zinksulfat, Monohydrat) 25mg Kann Spuren anderer Zutaten enthalten\nVersandinformationen\nLieferungen erfolgen ab einem Mindestbestellwert von € 19,00 inkl. Mehrwertsteuer nach Abzug von Rabatten.\nWelche Versandkosten fallen für meine Bestellung an?\nWir berechnen € 2,99 bis zu einem Bestellwert von 29,00 €  – unabhängig von der Anzahl der Artikel und der Versandart.\nLieferungen ab 29,00 € werden mit 0,99 € Versandkosten pro Bestellung berechnet. Bei Bestellungen die ein Gesamtgewicht von 31 kg überschreiten, werden je nach Gewicht zwei oder mehrere Pakete versendet (Maximalgewicht pro Paket 31 kg). Für den erhöhten Versandaufwand berechnen wir einmalig zusätzliche Versandkosten in Höhe von 2,99 € pro Bestellung.\nLieferungen sind grundsätzlich nur innerhalb Österreichs möglich.\nDie Lieferzeit beträgt 1-3 Werktage bei Bestellungen bis 16 Uhr.\nKundenbewertungen und -rezensionen verstehen\nProduktbewertungen\nWie funktionieren Bewertungen in der Fressnapf-Gruppe (einschließlich Maxi Zoo)?\nKundenmeinungen in Form von Produkt- und Sternebewertungen sind dienlich für alle Kunden. Sie ermöglichen mehr über das Produkt zu erfahren und helfen bei Kaufentscheidung. Jeder Kunde, der ein Produkt Online oder im Markt erworben hat, kann eine Bewertung abgeben. Wir beziehen zudem Bewertungen aus Dritt-Quellen, z.B. von Hersteller-Seiten. Die Bewertungsherkunft wird an den jeweiligen Rezension ausgewiesen. Für Fressnapf ist das Meinungsbild seiner Kunden wichtig, um Schwachstellen zu analysieren und die Produktqualität zu verbessern. Alle Bewertungen werden durch unseren Dienstleister Bazaarvoice auf Vertrauenswürdigkeit geprüft. Bewertungsinhalte, die gegen die Nutzungsbedingungen der Fressnapf-Gruppe verstoßen, werden abgelehnt. Sonst erfolgt die Veröffentlichung von positiven wie auch negativen Produktbewertungen.\nHier mehr Informationen rund um Produktbewertungen\n.\nWeitere Informationen zur Verarbeitung Ihrer personenbezogenen Daten entnehmen Sie bitte unseren\nDatenschutzhinweisen\n.",
  "rating": 4.28,
  "review": 687,
  "ingredients": "Analytische Bestandteile Protein 10,9%, Fettgehalt 7%, Rohasche 2,4%, Rohfaser 0,5%,  Calcium 0,30%, Phosphor 0,25% Zusammensetzung 60% Rind (Herzen, Lebern, Lungen, 15% Muskelfleisch, Pansen), 7% Kartoffel, 1% Mineralstoffe, 0,5% Leinöl Feuchtegehalt 75% Zusatzstoffe pro kg Ernährungsphysiologische Zusatzstoffe/kg: Vitamin D3 200 IE, Jod (Kalziumjodat, wasserfrei) 0,75mg, Mangan (Mangan(II)-sulfat, Monohydrat) 1,4mg, Zink (Zinksulfat, Monohydrat) 25mg Kann Spuren anderer Zutaten enthalten",
  "instock": true,
  "retail_limit": "10x"
},
{
  "_id": {
    "$oid": "66bef411a9267700a3bd01bb"
  },
  "unique_id": 1243369,
  "competitor_name": "fressnapf",
  "product_name": "PREMIERE Meati Sensitive Lamm pur 6x800 g",
  "brand": "PREMIERE",
  "regular_price": 20.34,
  "selling_price": 20.34,
  "price_per_unit": "€4.24/kg",
  "currency": "EUR",
  "breadcrumb": "Heimat > Hund > Hundefutter > Hundenassfutter > PREMIERE Meati Sensitive Lamm pur 6x800 g",
  "pdp_url": "https://www.fressnapf.at/p/premiere-meati-sensitive-lamm-pur-6x800-g-1243369/",
  "variants": "{'variant': ['Rind pur', 'Huhn & Kartoffel', 'Lamm & Kartoffel', 'Pferd & Kartoffeln', 'Ente pur', 'Pferd pur', 'Huhn pur', 'Rind & Kartoffel']}",
  "product_description": "PREMIERE\nArt.Nr.: 1243369\nPREMIERE Meati Sensitive - für ernährungssensible Hunde sowie bei Futtermittelunverträglichkeiten\nBesonders abgestimmtes Nassfutter, das sich durch folgende Vorteile auszeichnet:\nNur ein ausgewähltes Protein in der Rezeptur\nDie\nPur-Sorten\nohne pflanzliche Kohlenhydrate eignen sich besonders für Hunde, die auf Reis, Getreide oder Kartoffeln reagieren\nFür ernährungssensible Hunde geeignet\nHergestellt in Deutschland\nDie getreide- und glutenfreie Rezeptur trägt zur Schonung des Magen-Darm-Trakts und zu einer optimalen Verdauung bei und ist ideal bei Futtermittelunverträglichkeiten.\n*Schmeckt nicht? Mit unserer\nQualitätsgarantie\nbekommst du dein Geld zurück und suchst dir einfach ein anderes Futter aus.\nAlleinfuttermittel für ausgewachsene, ernährungssensible Hunde, weitere Informationen erhalten Sie hier: info@fressnapf.com\nFütterungsempfehlung\nGewicht des Hundes\nFutterration\n10kg\n400g / Tag\n15kg\n540g / Tag\n20kg\n670g / Tag\n25kg\n790g / Tag\n30kg\n910g / Tag\n35kg\n1020g / Tag\n40kg\n1130g / Tag\n45kg\n1240g / Tag\n50kg\n1330g / Tag\n60kg\n1553g / Tag\n70kg\n1720g / Tag\n80kg\n1900g / Tag\nInhaltsstoffe\nAnalytische Bestandteile\nProtein 11,1%, Fettgehalt 7,3%, Rohasche 2,3%, Rohfaser 0,3%, Calcium 0,3%, Phosphor 0,25%..\nZusammensetzung\n65% Lamm (Herzen, 15% Muskelfleisch, Lebern, Lungen, Pansen), 1% Mineralstoffe, 0,5% Leinöl\nFeuchtegehalt\n75%\nZusatzstoffe pro kg\nErnährungsphysiologische Zusatzstoffe/kg: Vitamin D3 200 IE, Jod (Kalziumjodat, wasserfrei) 0,75mg, Mangan (Mangan(II)-sulfat, Monohydrat) 1,4mg, Zink (Zinksulfat, Monohydrat) 25mg Kann Spuren anderer Zutaten enthalten.\nVersandinformationen\nLieferungen erfolgen ab einem Mindestbestellwert von € 19,00 inkl. Mehrwertsteuer nach Abzug von Rabatten.\nWelche Versandkosten fallen für meine Bestellung an?\nWir berechnen € 2,99 bis zu einem Bestellwert von 29,00 €  – unabhängig von der Anzahl der Artikel und der Versandart.\nLieferungen ab 29,00 € werden mit 0,99 € Versandkosten pro Bestellung berechnet. Bei Bestellungen die ein Gesamtgewicht von 31 kg überschreiten, werden je nach Gewicht zwei oder mehrere Pakete versendet (Maximalgewicht pro Paket 31 kg). Für den erhöhten Versandaufwand berechnen wir einmalig zusätzliche Versandkosten in Höhe von 2,99 € pro Bestellung.\nLieferungen sind grundsätzlich nur innerhalb Österreichs möglich.\nDie Lieferzeit beträgt 1-3 Werktage bei Bestellungen bis 16 Uhr.\nKundenbewertungen und -rezensionen verstehen\nProduktbewertungen\nWie funktionieren Bewertungen in der Fressnapf-Gruppe (einschließlich Maxi Zoo)?\nKundenmeinungen in Form von Produkt- und Sternebewertungen sind dienlich für alle Kunden. Sie ermöglichen mehr über das Produkt zu erfahren und helfen bei Kaufentscheidung. Jeder Kunde, der ein Produkt Online oder im Markt erworben hat, kann eine Bewertung abgeben. Wir beziehen zudem Bewertungen aus Dritt-Quellen, z.B. von Hersteller-Seiten. Die Bewertungsherkunft wird an den jeweiligen Rezension ausgewiesen. Für Fressnapf ist das Meinungsbild seiner Kunden wichtig, um Schwachstellen zu analysieren und die Produktqualität zu verbessern. Alle Bewertungen werden durch unseren Dienstleister Bazaarvoice auf Vertrauenswürdigkeit geprüft. Bewertungsinhalte, die gegen die Nutzungsbedingungen der Fressnapf-Gruppe verstoßen, werden abgelehnt. Sonst erfolgt die Veröffentlichung von positiven wie auch negativen Produktbewertungen.\nHier mehr Informationen rund um Produktbewertungen\n.\nWeitere Informationen zur Verarbeitung Ihrer personenbezogenen Daten entnehmen Sie bitte unseren\nDatenschutzhinweisen\n.",
  "rating": 4.28,
  "review": 687,
  "ingredients": "Analytische Bestandteile Protein 11,1%, Fettgehalt 7,3%, Rohasche 2,3%, Rohfaser 0,3%, Calcium 0,3%, Phosphor 0,25%.. Zusammensetzung 65% Lamm (Herzen, 15% Muskelfleisch, Lebern, Lungen, Pansen), 1% Mineralstoffe, 0,5% Leinöl Feuchtegehalt 75% Zusatzstoffe pro kg Ernährungsphysiologische Zusatzstoffe/kg: Vitamin D3 200 IE, Jod (Kalziumjodat, wasserfrei) 0,75mg, Mangan (Mangan(II)-sulfat, Monohydrat) 1,4mg, Zink (Zinksulfat, Monohydrat) 25mg Kann Spuren anderer Zutaten enthalten.",
  "instock": true,
  "retail_limit": "10x"
},
{
  "_id": {
    "$oid": "66bef411a9267700a3bd01bc"
  },
  "unique_id": 1242493,
  "competitor_name": "fressnapf",
  "product_name": "AniOne Eckhaus Nico L",
  "brand": "AniOne",
  "regular_price": 20.99,
  "selling_price": 20.99,
  "currency": "EUR",
  "breadcrumb": "Heimat > Kleintier > Kleintierheim > Käfigzubehör > AniOne Eckhaus Nico L",
  "pdp_url": "https://www.fressnapf.at/p/anione-eckhaus-nico-l-1242493/",
  "product_description": "AniOne\nArt.Nr.: 1242493\nPlatzsparendes Eckhaus aus Naturholz\nDas AniOne Eckhaus Nico ist der ideale Rückzugsort und bietet gleichzeitig eine tolle Aussichtsplattform für Ihren kleinen Nager. Das robuste Naturholz regt zum Knabbern an und unterstützt das natürliche Nageverhalten und sorgt somit für die notwendige Abnutzung der Zähne.\nDas Nagerhaus ist in drei Größen erhältlich:\nWarnhinweis:\nBitte untersuchen Sie den Artikel regelmäßig auf Verbissspuren und tauschen Sie ihn bei Bedarf aus.\nS\n15x10cm\nfür Hamster und Mäuse\nM\n22x13cm\nfür Meerschweinchen\nL\n30x15cm\nfür Meerschweinchen und Zwergkaninchen\nInverkehrbringer\nMultiFit Tiernahrungs GmbH, Westpreußenstr. 32-38, 47809 Krefeld",
  "rating": 3.5,
  "review": 40,
  "distributor_address": "MultiFit Tiernahrungs GmbH, Westpreußenstr. 32-38, 47809 Krefeld",
  "instock": true,
  "warning": "Bitte untersuchen Sie den Artikel regelmäßig auf Verbissspuren und tauschen Sie ihn bei Bedarf aus.",
  "retail_limit": "10x"
},
{
  "_id": {
    "$oid": "66bef411a9267700a3bd01bd"
  },
  "unique_id": 1083996004,
  "competitor_name": "fressnapf",
  "product_name": "REAL NATURE WILDERNESS Wide Savannah Wildschwein mit Lamm & Ente 1 kg",
  "brand": "REAL NATURE",
  "regular_price": 14.49,
  "selling_price": 14.49,
  "price_per_unit": "€14.49/kg",
  "currency": "EUR",
  "breadcrumb": "Heimat > Hund > Hundefutter > Hundetrockenfutter > REAL NATURE WILDERNESS Wide Savannah Wildschwein mit Lamm & Ente 1 kg",
  "pdp_url": "https://www.fressnapf.at/p/real-nature-wilderness-wide-savannah-wildschwein-mit-lamm--ente-1-kg-1083996004/",
  "product_description": "REAL NATURE\nArt.Nr.: 1083996004\n*Schmeckt nicht? Mit unserer\nAkzeptanzgarantie\nbekommst du dein Geld zurück und suchst dir einfach ein anderes Futter aus.\nREAL NATURE WILDERNESS Wide Savannah Wildschwein mit Lamm und Ente ist optimal auf den Bedarf von Hunden aller Rassen und Größen ab dem 11.-24. Lebensmonat abgestimmt.\nREAL NATURE WILDERNESS folgt der Natur Ihres Hundes. REAL NATURE WILDERNESS orientiert sich an der Ernährung des Wolfes als Vorfahr des Hundes und ermöglicht Ihnen, Ihr Tier so artgerecht wie möglich zu ernähren.\nREAL NATURE WILDERNESS Wide Savannah besteht aus 70% hochwertigem Wildschwein, Lamm und Ente, 30% Obst, Gemüse und Kräutern und 0% Getreide1. Enthält Kartoffeln und außerdem frisches Entenfleisch als hochwertige tierische Proteinquelle.\nREAL NATURE WILDERNESS ist 100% natürlich2, d.h, frei von Konservierungsmitteln, Aroma- und Farbstoffen. Der Anteil von tierischen Bestandteilen in der REAL NATURE WILDERNESS Trockennahrung liegt bei 70%. Tierisches Protein ist sehr wertvoll für Ihren Hund, da es der Hauptlieferant von biologisch gut verwertbaren Aminosäuren ist. Das heißt, Ihr Hund erhält besonders viel von dem, was sein Körper braucht. Statt Getreide sind Kartoffeln als gut verträgliche Kohlenhydratquelle enthalten. Des weiteren zeichnet sich REAL NATURE WILDERNESS Wide Savannah durch ausgewählte Obst- und Gemüsesorten sowie Kräuter aus.\nDie Vorteile im Überblick:\nUrsprüngliche Ernährung nach dem Vorbild des Wolfs\nMit einem hohen Fleischanteil\nBeinhaltet Obst, Gemüse & wertvolle Zutaten\nGetreidefreie Rezeptur\nNatürliche Zutaten, ernährungsphysiologisch sinnvoll ergänzt um wertvolle Vitamine und Mineralstoffe, ohne Zusatz von künstlichen Konservierungsmitteln, Farb- und Aromastoffen\nREAL NATURE WILDERNESS Wide Savannah Adult ist ein Alleinfuttermittel für ausgewachsene Hunde aller Rassen und Größen ab dem 11.-24. Lebensmonat (je nach Hundegröße). Weitere Informationen erhalten Sie hier: info@fressnapf.com\n1 Kann Spuren anderer Zutaten aus vorherigen Produktionen enthalten.\n2 In den eingesetzten Rohstoffen.\nMöchtest du mehr über die Produkte von REAL NATURE für Hunde erfahren? Tauche\nhier\nin die Welt der Produktvielfalt von REAL NATURE ein!\nREAL NATURE WILDERNESS Wide Savannah Adult ist ein Alleinfuttermittel für ausgewachsene Hunde aller Rassen und Größen ab dem 11.-24. Lebensmonat (je nach Hundegröße). Weitere Informationen erhalten Sie hier: info@fressnapf.com\nMehr Produktinfos\nInverkehrbringer\nMultiFit Tiernahrungs GmbH, Westpreußenstr. 32-38, 47809 Krefeld",
  "rating": 4.87,
  "review": 135,
  "distributor_address": "MultiFit Tiernahrungs GmbH, Westpreußenstr. 32-38, 47809 Krefeld",
  "ingredients": "Analytische Bestandteile Protein 37%, Fettgehalt 16%, Rohasche 6,8%, Rohfaser 3,8%, Calcium 1,3%, Phosphor 1% Zusammensetzung Wildschweinprotein (30%), Lammprotein (20%), Kartoffeln (14%), frisches Entenfleisch (10%), Entenfett (10%), Kartoffelmehl(8%), Apfelpülpe (3%), Karotten (1%), Spinat (1%), Erbsen (1%),Leinöl (1%), Glucosamin (0,026%), Chondroitinsulfat (0,018%), Mannan-Oligosaccharide (0,015%), Fructo-Oligosaccharide (0,01%), Yuccaschidigera Pulver (0,01%), Cranberries (0,005%), Rosmarin (0,004%),Flohsamenschalen & Saaten (0,002%), Algen (Ascophyllum nodosum,(0,002%), Thymian (0,001%), Pfefferminze (0,001%), Löwenzahn (0,001%),Petersilie (0,001%). Feuchtegehalt 10% Zusatzstoffe pro kg Ernährungsphysiologische Zusatzstoffe: Vitamin A 20000 IE, Vitamin D3 1500 IE, Vitamin E 500 mg, Vitamin B2 4 mg, Kupfer (Aminosäuren-Kupferchelat, Hydrat) 15mg, Eisen (Eisen- (II)-sulfat, Monohydrat) 72mg, Jod (Kaliumjodid) 0,65mg, Mangan (Mangan-(II)-oxid) 35mg, Selen (Selen in organischer Form aus Saccharomyces cerevisiae CNCM I-3060 (inaktivierte Selenhefe)) 0,2mg, Zink (Aminosäuren- Zinkchelat, Hydrat) 80mg.",
  "instock": true,
  "retail_limit": "10x"
},
{
  "_id": {
    "$oid": "66bef411a9267700a3bd01be"
  },
  "unique_id": 1322952,
  "competitor_name": "fressnapf",
  "product_name": "PREMIERE Meati Sensitive Ente pur 6x800 g",
  "brand": "PREMIERE",
  "regular_price": 20.34,
  "selling_price": 20.34,
  "price_per_unit": "€4.24/kg",
  "currency": "EUR",
  "breadcrumb": "Heimat > Hund > Hundefutter > Hundenassfutter > PREMIERE Meati Sensitive Ente pur 6x800 g",
  "pdp_url": "https://www.fressnapf.at/p/premiere-meati-sensitive-ente-pur-6x800-g-1322952/",
  "variants": "{'variant': ['Rind & Kartoffel', 'Pferd & Kartoffeln', 'Huhn & Kartoffel', 'Lamm & Kartoffel', 'Lamm pur', 'Rind pur', 'Pferd pur', 'Huhn pur']}",
  "product_description": "PREMIERE\nArt.Nr.: 1322952\nPREMIERE Meati Sensitive - für ernährungssensible Hunde sowie bei Futtermittelunverträglichkeiten\nBesonders abgestimmtes Nassfutter, das sich durch folgende Vorteile auszeichnet:\nNur ein ausgewähltes Protein in der Rezeptur\nDie\nPur-Sorten\nohne pflanzliche Kohlenhydrate eignen sich besonders für Hunde, die auf Reis, Getreide oder Kartoffeln reagieren\nFür ernährungssensible Hunde geeignet\nHergestellt in Deutschland\nDie getreide- und glutenfreie Rezeptur trägt zur Schonung des Magen-Darm-Trakts und zu einer optimalen Verdauung bei und ist ideal bei Futtermittelunverträglichkeiten.\n*Schmeckt nicht? Mit unserer\nQualitätsgarantie\nbekommst du dein Geld zurück und suchst dir einfach ein anderes Futter aus.\nAlleinfuttermittel für ausgewachsene, ernährungssensible Hunde,weitere Informationen erhalten Sie hier: info@fressnapf.com\nInverkehrbringer\nMultiFit Tiernahrungs GmbH, Westpreußenstr. 32-38, 47809 Krefeld\nFütterungsempfehlung\nGewicht des Tieres\nFuttermenge pro Tag\n10 kg\n470 g\n15 kg\n640 g\n20 kg\n790 g\n25 kg\n940 g\n30 kg\n1070 g\n35 kg\n1210 g\n40 kg\n1330 g\n45 kg\n1460 g\n50 kg\n1580 g\n60 kg\n1810 g\n70 kg\n2030 g\nGewicht des Hundes - Futterration pro Tag\n10kg = 470g\n15kg = 640g\n20kg = 940g\n30kg = 1070g\n35kg = 1210g\n40kg = 1330g\n45kg = 1460g\n50kg = 1580g\n60kg = 1810g\n70kg = 2030g\nAngaben sind Richtwerte.\nNach dem Öffnen im Kühlschrank aufbewahren. Zimmerwarm füttern.\nDer individuelle Bedarf richtet sich nach Rasse, Alter und Aktivität.\nInhaltsstoffe\nAnalytische Bestandteile\nProtein 9%, Fettgehalt 5,5%, Rohasche 2,3%, Rohfaser 0,3%, Calcium 0,34%, Phosphor 0,26%.\nZusammensetzung\n65% Ente (Hälse, 15% Muskelfleisch, Herzen, Mägen), 1% Mineralstoffe, 0,5% Leinöl\nFeuchtegehalt\n78%\nZusatzstoffe pro kg\npro kg\nErnährungsphysiologische Zusatzstoffe: Vitamin A 2000 IE, Vitamin D3 200 IE, Kupfer (Kupfer(II)-sulfat-Pentahydrat) 1,5mg, Jod (Kalziumjodat, wasserfrei) 0,75mg, Zink (Zinkoxid) 20mg.\nVersandinformationen\nLieferungen erfolgen ab einem Mindestbestellwert von € 19,00 inkl. Mehrwertsteuer nach Abzug von Rabatten.\nWelche Versandkosten fallen für meine Bestellung an?\nWir berechnen € 2,99 bis zu einem Bestellwert von 29,00 €  – unabhängig von der Anzahl der Artikel und der Versandart.\nLieferungen ab 29,00 € werden mit 0,99 € Versandkosten pro Bestellung berechnet. Bei Bestellungen die ein Gesamtgewicht von 31 kg überschreiten, werden je nach Gewicht zwei oder mehrere Pakete versendet (Maximalgewicht pro Paket 31 kg). Für den erhöhten Versandaufwand berechnen wir einmalig zusätzliche Versandkosten in Höhe von 2,99 € pro Bestellung.\nLieferungen sind grundsätzlich nur innerhalb Österreichs möglich.\nDie Lieferzeit beträgt 1-3 Werktage bei Bestellungen bis 16 Uhr.\nKundenbewertungen und -rezensionen verstehen\nProduktbewertungen\nWie funktionieren Bewertungen in der Fressnapf-Gruppe (einschließlich Maxi Zoo)?\nKundenmeinungen in Form von Produkt- und Sternebewertungen sind dienlich für alle Kunden. Sie ermöglichen mehr über das Produkt zu erfahren und helfen bei Kaufentscheidung. Jeder Kunde, der ein Produkt Online oder im Markt erworben hat, kann eine Bewertung abgeben. Wir beziehen zudem Bewertungen aus Dritt-Quellen, z.B. von Hersteller-Seiten. Die Bewertungsherkunft wird an den jeweiligen Rezension ausgewiesen. Für Fressnapf ist das Meinungsbild seiner Kunden wichtig, um Schwachstellen zu analysieren und die Produktqualität zu verbessern. Alle Bewertungen werden durch unseren Dienstleister Bazaarvoice auf Vertrauenswürdigkeit geprüft. Bewertungsinhalte, die gegen die Nutzungsbedingungen der Fressnapf-Gruppe verstoßen, werden abgelehnt. Sonst erfolgt die Veröffentlichung von positiven wie auch negativen Produktbewertungen.\nHier mehr Informationen rund um Produktbewertungen\n.\nWeitere Informationen zur Verarbeitung Ihrer personenbezogenen Daten entnehmen Sie bitte unseren\nDatenschutzhinweisen\n.",
  "rating": 4.28,
  "review": 687,
  "distributor_address": "MultiFit Tiernahrungs GmbH, Westpreußenstr. 32-38, 47809 Krefeld",
  "ingredients": "Analytische Bestandteile Protein 9%, Fettgehalt 5,5%, Rohasche 2,3%, Rohfaser 0,3%, Calcium 0,34%, Phosphor 0,26%. Zusammensetzung 65% Ente (Hälse, 15% Muskelfleisch, Herzen, Mägen), 1% Mineralstoffe, 0,5% Leinöl Feuchtegehalt 78% Zusatzstoffe pro kg pro kg Ernährungsphysiologische Zusatzstoffe: Vitamin A 2000 IE, Vitamin D3 200 IE, Kupfer (Kupfer(II)-sulfat-Pentahydrat) 1,5mg, Jod (Kalziumjodat, wasserfrei) 0,75mg, Zink (Zinkoxid) 20mg.",
  "instock": true,
  "retail_limit": "10x"
},
{
  "_id": {
    "$oid": "66bef411a9267700a3bd01bf"
  },
  "unique_id": 1083997004,
  "competitor_name": "fressnapf",
  "product_name": "REAL NATURE WILDERNESS Wide Savannah Wildschwein mit Lamm & Ente 4 kg",
  "brand": "REAL NATURE",
  "regular_price": 36.99,
  "selling_price": 36.99,
  "price_per_unit": "€9.25/kg",
  "currency": "EUR",
  "breadcrumb": "Heimat > Hund > Hundefutter > Hundetrockenfutter > REAL NATURE WILDERNESS Wide Savannah Wildschwein mit Lamm & Ente 4 kg",
  "pdp_url": "https://www.fressnapf.at/p/real-nature-wilderness-wide-savannah-wildschwein-mit-lamm--ente-4-kg-1083997004/",
  "product_description": "REAL NATURE\nArt.Nr.: 1083997004\n*Schmeckt nicht? Mit unserer\nAkzeptanzgarantie\nbekommst du dein Geld zurück und suchst dir einfach ein anderes Futter aus.\nREAL NATURE WILDERNESS Wide Savannah Wildschwein mit Lamm und Ente ist optimal auf den Bedarf von Hunden aller Rassen und Größen ab dem 11.-24. Lebensmonat abgestimmt.\nREAL NATURE WILDERNESS folgt der Natur Ihres Hundes. REAL NATURE WILDERNESS orientiert sich an der Ernährung des Wolfes als Vorfahr des Hundes und ermöglicht Ihnen, Ihr Tier so artgerecht wie möglich zu ernähren.\nREAL NATURE WILDERNESS Wide Savannah besteht aus 70% hochwertigem Wildschwein, Lamm und Ente, 30% Obst, Gemüse und Kräutern und 0% Getreide1. Enthält Kartoffeln und außerdem frisches Entenfleisch als hochwertige tierische Proteinquelle.\nREAL NATURE WILDERNESS ist 100% natürlich2, d.h, frei von Konservierungsmitteln, Aroma- und Farbstoffen. Der Anteil von tierischen Bestandteilen in der REAL NATURE WILDERNESS Trockennahrung liegt bei 70%. Tierisches Protein ist sehr wertvoll für Ihren Hund, da es der Hauptlieferant von biologisch gut verwertbaren Aminosäuren ist. Das heißt, Ihr Hund erhält besonders viel von dem, was sein Körper braucht. Statt Getreide sind Kartoffeln als gut verträgliche Kohlenhydratquelle enthalten. Des weiteren zeichnet sich REAL NATURE WILDERNESS Wide Savannah durch ausgewählte Obst- und Gemüsesorten sowie Kräuter aus.\nDie Vorteile im Überblick:\nUrsprüngliche Ernährung nach dem Vorbild des Wolfs\nMit einem hohen Fleischanteil\nBeinhaltet Obst, Gemüse & wertvolle Zutaten\nGetreidefreie Rezeptur\nNatürliche Zutaten, ernährungsphysiologisch sinnvoll ergänzt um wertvolle Vitamine und Mineralstoffe, ohne Zusatz von künstlichen Konservierungsmitteln, Farb- und Aromastoffen\nREAL NATURE WILDERNESS Wide Savannah Adult ist ein Alleinfuttermittel für ausgewachsene Hunde aller Rassen und Größen ab dem 11.-24. Lebensmonat (je nach Hundegröße). Weitere Informationen erhalten Sie hier: info@fressnapf.com\n1 Kann Spuren anderer Zutaten aus vorherigen Produktionen enthalten.\n2 In den eingesetzten Rohstoffen.\nMöchtest du mehr über die Produkte von REAL NATURE für Hunde erfahren? Tauche\nhier\nin die Welt der Produktvielfalt von REAL NATURE ein!\nAlleinfuttermittel für ausgewachsene Hunde aller Rassen und Größen.\nMehr Produktinfos\nInverkehrbringer\nMultiFit Tiernahrungs GmbH, Westpreußenstr. 32-38, 47809 Krefeld",
  "rating": 4.87,
  "review": 135,
  "distributor_address": "MultiFit Tiernahrungs GmbH, Westpreußenstr. 32-38, 47809 Krefeld",
  "ingredients": "Analytische Bestandteile Protein 37%, Fettgehalt 16%, Rohasche 6,8%, Rohfaser 3,8%, Calcium 1,3%, Phosphor 1% Zusammensetzung Wildschweinprotein (30%), Lammprotein (20%), Kartoffeln (14%), frisches Entenfleisch (10%), Entenfett (10%), Kartoffelmehl(8%), Apfelpülpe (3%), Karotten (1%), Spinat (1%), Erbsen (1%),Leinöl (1%), Glucosamin (0,026%), Chondroitinsulfat (0,018%), Mannan-Oligosaccharide (0,015%), Fructo-Oligosaccharide (0,01%), Yuccaschidigera Pulver (0,01%), Cranberries (0,005%), Rosmarin (0,004%),Flohsamenschalen & Saaten (0,002%), Algen (Ascophyllum nodosum,(0,002%), Thymian (0,001%), Pfefferminze (0,001%), Löwenzahn (0,001%),Petersilie (0,001%). Feuchtegehalt 10% Zusatzstoffe pro kg Ernährungsphysiologische Zusatzstoffe: Vitamin A 20000 IE, Vitamin D3 1500 IE, Vitamin E 500 mg, Vitamin B2 4 mg, Kupfer (Aminosäuren-Kupferchelat, Hydrat) 15mg, Eisen (Eisen- (II)-sulfat, Monohydrat) 72mg, Jod (Kaliumjodid) 0,65mg, Mangan (Mangan-(II)-oxid) 35mg, Selen (Selen in organischer Form aus Saccharomyces cerevisiae CNCM I-3060 (inaktivierte Selenhefe)) 0,2mg, Zink (Aminosäuren- Zinkchelat, Hydrat) 80mg.",
  "instock": true,
  "retail_limit": "10x"
},
{
  "_id": {
    "$oid": "66bef411a9267700a3bd01c0"
  },
  "unique_id": 1241792,
  "competitor_name": "fressnapf",
  "product_name": "REAL NATURE WILDERNESS Wide Savannah Wildschwein mit Lamm & Ente 2x12 kg",
  "brand": "REAL NATURE",
  "regular_price": 139.98,
  "selling_price": 139.98,
  "price_per_unit": "€5.83/kg",
  "currency": "EUR",
  "breadcrumb": "Heimat > Hund > Hundefutter > Hundetrockenfutter > REAL NATURE WILDERNESS Wide Savannah Wildschwein mit Lamm & Ente 2x12 kg",
  "pdp_url": "https://www.fressnapf.at/p/real-nature-wilderness-wide-savannah-wildschwein-mit-lamm--ente-2x12-kg-1241792/",
  "product_description": "REAL NATURE\nArt.Nr.: 1241792\n*Schmeckt nicht? Mit unserer\nAkzeptanzgarantie\nbekommst du dein Geld zurück und suchst dir einfach ein anderes Futter aus.\nREAL NATURE WILDERNESS Wide Savannah Wildschwein mit Lamm und Ente ist optimal auf den Bedarf von Hunden aller Rassen und Größen ab dem 11.-24. Lebensmonat abgestimmt.\nREAL NATURE WILDERNESS folgt der Natur Ihres Hundes. REAL NATURE WILDERNESS orientiert sich an der Ernährung des Wolfes als Vorfahr des Hundes und ermöglicht Ihnen, Ihr Tier so artgerecht wie möglich zu ernähren.\nREAL NATURE WILDERNESS Wide Savannah besteht aus 70% hochwertigem Wildschwein, Lamm und Ente, 30% Obst, Gemüse und Kräutern und 0% Getreide1. Enthält Kartoffeln und außerdem frisches Entenfleisch als hochwertige tierische Proteinquelle.\nREAL NATURE WILDERNESS ist 100% natürlich2, d.h, frei von Konservierungsmitteln, Aroma- und Farbstoffen. Der Anteil von tierischen Bestandteilen in der REAL NATURE WILDERNESS Trockennahrung liegt bei 70%. Tierisches Protein ist sehr wertvoll für Ihren Hund, da es der Hauptlieferant von biologisch gut verwertbaren Aminosäuren ist. Das heißt, Ihr Hund erhält besonders viel von dem, was sein Körper braucht. Statt Getreide sind Kartoffeln als gut verträgliche Kohlenhydratquelle enthalten. Des weiteren zeichnet sich REAL NATURE WILDERNESS Wide Savannah durch ausgewählte Obst- und Gemüsesorten sowie Kräuter aus.\nDie Vorteile im Überblick:\nUrsprüngliche Ernährung nach dem Vorbild des Wolfs\nMit einem hohen Fleischanteil\nBeinhaltet Obst, Gemüse & wertvolle Zutaten\nGetreidefreie Rezeptur\nNatürliche Zutaten, ernährungsphysiologisch sinnvoll ergänzt um wertvolle Vitamine und Mineralstoffe, ohne Zusatz von künstlichen Konservierungsmitteln, Farb- und Aromastoffen\nREAL NATURE WILDERNESS Wide Savannah Adult ist ein Alleinfuttermittel für ausgewachsene Hunde aller Rassen und Größen ab dem 11.-24. Lebensmonat (je nach Hundegröße). Weitere Informationen erhalten Sie hier: info@fressnapf.com\n1 Kann Spuren anderer Zutaten aus vorherigen Produktionen enthalten.\n2 In den eingesetzten Rohstoffen.\nMöchtest du mehr über die Produkte von REAL NATURE für Hunde erfahren? Tauche\nhier\nin die Welt der Produktvielfalt von REAL NATURE ein!\nREAL NATURE WILDERNESS Wide Savannah Adult ist ein Alleinfuttermittel für ausgewachsene Hunde aller Rassen und Größen ab dem 11.-24. Lebensmonat (je nach Hundegröße). Weitere Informationen erhalten Sie hier: info@fressnapf.com\nMehr Produktinfos\nInverkehrbringer\nMultiFit Tiernahrungs GmbH, Westpreußenstr. 32-38, 47809 Krefeld",
  "special_nutrition_purpose": "Alleinfuttermittel für Hunde",
  "rating": 4.87,
  "review": 135,
  "distributor_address": "MultiFit Tiernahrungs GmbH, Westpreußenstr. 32-38, 47809 Krefeld",
  "ingredients": "Analytische Bestandteile Protein 37%, Fettgehalt 16%, Rohasche 6,8%, Rohfaser 3,8%, Calcium 1,3%, Phosphor 1% Zusammensetzung Wildschweinprotein (30%), Lammprotein (20%), Kartoffeln (14%), frisches Entenfleisch (10%), Entenfett (10%), Kartoffelmehl(8%), Apfelpülpe (3%), Karotten (1%), Spinat (1%), Erbsen (1%),Leinöl (1%), Glucosamin (0,026%), Chondroitinsulfat (0,018%), Mannan-Oligosaccharide (0,015%), Fructo-Oligosaccharide (0,01%), Yuccaschidigera Pulver (0,01%), Cranberries (0,005%), Rosmarin (0,004%),Flohsamenschalen & Saaten (0,002%), Algen (Ascophyllum nodosum,(0,002%), Thymian (0,001%), Pfefferminze (0,001%), Löwenzahn (0,001%),Petersilie (0,001%). Feuchtegehalt 10% Zusatzstoffe pro kg Ernährungsphysiologische Zusatzstoffe: Vitamin A 20000 IE, Vitamin D3 1500 IE, Vitamin E 500 mg, Vitamin B2 4 mg, Kupfer (Aminosäuren-Kupferchelat, Hydrat) 15mg, Eisen (Eisen- (II)-sulfat, Monohydrat) 72mg, Jod (Kaliumjodid) 0,65mg, Mangan (Mangan-(II)-oxid) 35mg, Selen (Selen in organischer Form aus Saccharomyces cerevisiae CNCM I-3060 (inaktivierte Selenhefe)) 0,2mg, Zink (Aminosäuren- Zinkchelat, Hydrat) 80mg.",
  "instock": true,
  "retail_limit": "10x"
},
{
  "_id": {
    "$oid": "66bef411a9267700a3bd01c1"
  },
  "unique_id": 1243372,
  "competitor_name": "fressnapf",
  "product_name": "PREMIERE Meati Sensitive Pferd & Kartoffeln 6x800 g",
  "brand": "PREMIERE",
  "regular_price": 20.34,
  "selling_price": 20.34,
  "price_per_unit": "€4.24/kg",
  "currency": "EUR",
  "breadcrumb": "Heimat > Hund > Hundefutter > Hundenassfutter > PREMIERE Meati Sensitive Pferd & Kartoffeln 6x800 g",
  "pdp_url": "https://www.fressnapf.at/p/premiere-meati-sensitive-pferd--kartoffeln-6x800-g-1243372/",
  "variants": "{'variant': ['Pferd pur', 'Rind & Kartoffel', 'Ente pur', 'Rind pur', 'Huhn & Kartoffel', 'Huhn pur', 'Lamm & Kartoffel', 'Lamm pur']}",
  "product_description": "PREMIERE\nArt.Nr.: 1243372\nPREMIERE Meati Sensitive - für ernährungssensible Hunde sowie bei Futtermittelunverträglichkeiten\nBesonders abgestimmtes Nassfutter, das sich durch folgende Vorteile auszeichnet:\nNur ein ausgewähltes Protein in der Rezeptur\nDie\nPur-Sorten\nohne pflanzliche Kohlenhydrate eignen sich besonders für Hunde, die auf Reis, Getreide oder Kartoffeln reagieren\nFür ernährungssensible Hunde geeignet\nHergestellt in Deutschland\nDie getreide- und glutenfreie Rezeptur trägt zur Schonung des Magen-Darm-Trakts und zu einer optimalen Verdauung bei und ist ideal bei Futtermittelunverträglichkeiten.\n*Schmeckt nicht? Mit unserer\nQualitätsgarantie\nbekommst du dein Geld zurück und suchst dir einfach ein anderes Futter aus.\nAlleinfuttermittel für ausgewachsene, ernährungssensible Hunde.weitere Informationen erhalten Sie hier: info@fressnapf.com\nFütterungsempfehlung\nGewicht des Tieres\nFuttermenge pro Tag\n10 kg\n470 g\n15 kg\n640 g\n20 kg\n790 g\n25 kg\n940 g\n30 kg\n1070 g\n35 kg\n1210 g\n40 kg\n1330 g\n45 kg\n1460 g\n50 kg\n1580 g\n60 kg\n1810 g\n70 kg\n2030 g\n80 kg\n2240 g\nInhaltsstoffe\nAnalytische Bestandteile\nProtein 10%, Fett 9%, Asche 2,3%, Faser 0,5%, Calcium 0,20%, Phosphor 0,16%, Energiegehalt 487 kJ / 116 kcal.\nZusammensetzung\n65% Pferd (40% Muskelfleisch, Herzen), 7% Kartoffeln, 1% Mineralstoffe,0,5% Leinöl.\nFeuchtegehalt\n78%\nZusatzstoffe pro kg\nErnährungsphysiologische Zusatzstoffe: Vitamin D3 200 IE, Kupfer (Kupfer(II)-sulfat, Pentahydrat) 1mg, Jod (Kalziumjodat, wasserfrei) 0,75mg, Mangan (Mangan(II)-sulfat, Monohydrat) 1,4mg, Zink (Zinksulfat, Monohydrat) 25mg.\nVersandinformationen\nLieferungen erfolgen ab einem Mindestbestellwert von € 19,00 inkl. Mehrwertsteuer nach Abzug von Rabatten.\nWelche Versandkosten fallen für meine Bestellung an?\nWir berechnen € 2,99 bis zu einem Bestellwert von 29,00 €  – unabhängig von der Anzahl der Artikel und der Versandart.\nLieferungen ab 29,00 € werden mit 0,99 € Versandkosten pro Bestellung berechnet. Bei Bestellungen die ein Gesamtgewicht von 31 kg überschreiten, werden je nach Gewicht zwei oder mehrere Pakete versendet (Maximalgewicht pro Paket 31 kg). Für den erhöhten Versandaufwand berechnen wir einmalig zusätzliche Versandkosten in Höhe von 2,99 € pro Bestellung.\nLieferungen sind grundsätzlich nur innerhalb Österreichs möglich.\nDie Lieferzeit beträgt 1-3 Werktage bei Bestellungen bis 16 Uhr.\nKundenbewertungen und -rezensionen verstehen\nProduktbewertungen\nWie funktionieren Bewertungen in der Fressnapf-Gruppe (einschließlich Maxi Zoo)?\nKundenmeinungen in Form von Produkt- und Sternebewertungen sind dienlich für alle Kunden. Sie ermöglichen mehr über das Produkt zu erfahren und helfen bei Kaufentscheidung. Jeder Kunde, der ein Produkt Online oder im Markt erworben hat, kann eine Bewertung abgeben. Wir beziehen zudem Bewertungen aus Dritt-Quellen, z.B. von Hersteller-Seiten. Die Bewertungsherkunft wird an den jeweiligen Rezension ausgewiesen. Für Fressnapf ist das Meinungsbild seiner Kunden wichtig, um Schwachstellen zu analysieren und die Produktqualität zu verbessern. Alle Bewertungen werden durch unseren Dienstleister Bazaarvoice auf Vertrauenswürdigkeit geprüft. Bewertungsinhalte, die gegen die Nutzungsbedingungen der Fressnapf-Gruppe verstoßen, werden abgelehnt. Sonst erfolgt die Veröffentlichung von positiven wie auch negativen Produktbewertungen.\nHier mehr Informationen rund um Produktbewertungen\n.\nWeitere Informationen zur Verarbeitung Ihrer personenbezogenen Daten entnehmen Sie bitte unseren\nDatenschutzhinweisen\n.",
  "rating": 4.28,
  "review": 687,
  "ingredients": "Analytische Bestandteile Protein 10%, Fett 9%, Asche 2,3%, Faser 0,5%, Calcium 0,20%, Phosphor 0,16%, Energiegehalt 487 kJ / 116 kcal. Zusammensetzung 65% Pferd (40% Muskelfleisch, Herzen), 7% Kartoffeln, 1% Mineralstoffe,0,5% Leinöl. Feuchtegehalt 78% Zusatzstoffe pro kg Ernährungsphysiologische Zusatzstoffe: Vitamin D3 200 IE, Kupfer (Kupfer(II)-sulfat, Pentahydrat) 1mg, Jod (Kalziumjodat, wasserfrei) 0,75mg, Mangan (Mangan(II)-sulfat, Monohydrat) 1,4mg, Zink (Zinksulfat, Monohydrat) 25mg.",
  "instock": true,
  "retail_limit": "10x"
},
{
  "_id": {
    "$oid": "66bef411a9267700a3bd01c2"
  },
  "unique_id": 1083998004,
  "competitor_name": "fressnapf",
  "product_name": "REAL NATURE WILDERNESS Wide Savannah Wildschwein mit Lamm & Ente 12 kg",
  "brand": "REAL NATURE",
  "regular_price": 76.99,
  "selling_price": 76.99,
  "price_per_unit": "€6.42/kg",
  "currency": "EUR",
  "breadcrumb": "Heimat > Hund > Hundefutter > Hundetrockenfutter > REAL NATURE WILDERNESS Wide Savannah Wildschwein mit Lamm & Ente 12 kg",
  "pdp_url": "https://www.fressnapf.at/p/real-nature-wilderness-wide-savannah-wildschwein-mit-lamm--ente-12-kg-1083998004/",
  "product_description": "REAL NATURE\nArt.Nr.: 1083998004\n*Schmeckt nicht? Mit unserer\nAkzeptanzgarantie\nbekommst du dein Geld zurück und suchst dir einfach ein anderes Futter aus.\nREAL NATURE WILDERNESS Wide Savannah Wildschwein mit Lamm und Ente ist optimal auf den Bedarf von Hunden aller Rassen und Größen ab dem 11.-24. Lebensmonat abgestimmt.\nREAL NATURE WILDERNESS folgt der Natur Ihres Hundes. REAL NATURE WILDERNESS orientiert sich an der Ernährung des Wolfes als Vorfahr des Hundes und ermöglicht Ihnen, Ihr Tier so artgerecht wie möglich zu ernähren.\nREAL NATURE WILDERNESS Wide Savannah besteht aus 70% hochwertigem Wildschwein, Lamm und Ente, 30% Obst, Gemüse und Kräutern und 0% Getreide1. Enthält Kartoffeln und außerdem frisches Entenfleisch als hochwertige tierische Proteinquelle.\nREAL NATURE WILDERNESS ist 100% natürlich2, d.h, frei von Konservierungsmitteln, Aroma- und Farbstoffen. Der Anteil von tierischen Bestandteilen in der REAL NATURE WILDERNESS Trockennahrung liegt bei 70%. Tierisches Protein ist sehr wertvoll für Ihren Hund, da es der Hauptlieferant von biologisch gut verwertbaren Aminosäuren ist. Das heißt, Ihr Hund erhält besonders viel von dem, was sein Körper braucht. Statt Getreide sind Kartoffeln als gut verträgliche Kohlenhydratquelle enthalten. Des weiteren zeichnet sich REAL NATURE WILDERNESS Wide Savannah durch ausgewählte Obst- und Gemüsesorten sowie Kräuter aus.\nDie Vorteile im Überblick:\nUrsprüngliche Ernährung nach dem Vorbild des Wolfs\nMit einem hohen Fleischanteil\nBeinhaltet Obst, Gemüse & wertvolle Zutaten\nGetreidefreie Rezeptur\nNatürliche Zutaten, ernährungsphysiologisch sinnvoll ergänzt um wertvolle Vitamine und Mineralstoffe, ohne Zusatz von künstlichen Konservierungsmitteln, Farb- und Aromastoffen\nREAL NATURE WILDERNESS Wide Savannah Adult ist ein Alleinfuttermittel für ausgewachsene Hunde aller Rassen und Größen ab dem 11.-24. Lebensmonat (je nach Hundegröße). Weitere Informationen erhalten Sie hier: info@fressnapf.com\n1 Kann Spuren anderer Zutaten aus vorherigen Produktionen enthalten.\n2 In den eingesetzten Rohstoffen.\nMöchtest du mehr über die Produkte von REAL NATURE für Hunde erfahren? Tauche\nhier\nin die Welt der Produktvielfalt von REAL NATURE ein!\nREAL NATURE WILDERNESS Wide Savannah Adult ist ein Alleinfuttermittel für ausgewachsene Hunde aller Rassen und Größen ab dem 11.-24. Lebensmonat (je nach Hundegröße). Weitere Informationen erhalten Sie hier: info@fressnapf.com\nMehr Produktinfos\nInverkehrbringer\nMultiFit Tiernahrungs GmbH, Westpreußenstr. 32-38, 47809 Krefeld",
  "rating": 4.87,
  "review": 135,
  "distributor_address": "MultiFit Tiernahrungs GmbH, Westpreußenstr. 32-38, 47809 Krefeld",
  "ingredients": "Analytische Bestandteile Protein 37%, Fettgehalt 16%, Rohasche 6,8%, Rohfaser 3,8%, Calcium 1,3%, Phosphor 1% Zusammensetzung Wildschweinprotein (30%), Lammprotein (20%), Kartoffeln (14%), frisches Entenfleisch (10%), Entenfett (10%), Kartoffelmehl(8%), Apfelpülpe (3%), Karotten (1%), Spinat (1%), Erbsen (1%),Leinöl (1%), Glucosamin (0,026%), Chondroitinsulfat (0,018%), Mannan-Oligosaccharide (0,015%), Fructo-Oligosaccharide (0,01%), Yuccaschidigera Pulver (0,01%), Cranberries (0,005%), Rosmarin (0,004%),Flohsamenschalen & Saaten (0,002%), Algen (Ascophyllum nodosum,(0,002%), Thymian (0,001%), Pfefferminze (0,001%), Löwenzahn (0,001%),Petersilie (0,001%). Feuchtegehalt 10% Zusatzstoffe pro kg Ernährungsphysiologische Zusatzstoffe: Vitamin A 20000 IE, Vitamin D3 1500 IE, Vitamin E 500 mg, Vitamin B2 4 mg, Kupfer (Aminosäuren-Kupferchelat, Hydrat) 15mg, Eisen (Eisen- (II)-sulfat, Monohydrat) 72mg, Jod (Kaliumjodid) 0,65mg, Mangan (Mangan-(II)-oxid) 35mg, Selen (Selen in organischer Form aus Saccharomyces cerevisiae CNCM I-3060 (inaktivierte Selenhefe)) 0,2mg, Zink (Aminosäuren- Zinkchelat, Hydrat) 80mg.",
  "instock": true,
  "retail_limit": "10x"
},
{
  "_id": {
    "$oid": "66bef411a9267700a3bd01c3"
  },
  "unique_id": 1243371,
  "competitor_name": "fressnapf",
  "product_name": "PREMIERE Meati Sensitive Pferd pur 6x800 g",
  "brand": "PREMIERE",
  "regular_price": 20.34,
  "selling_price": 20.34,
  "price_per_unit": "€4.24/kg",
  "currency": "EUR",
  "breadcrumb": "Heimat > Hund > Hundefutter > Hundenassfutter > PREMIERE Meati Sensitive Pferd pur 6x800 g",
  "pdp_url": "https://www.fressnapf.at/p/premiere-meati-sensitive-pferd-pur-6x800-g-1243371/",
  "variants": "{'variant': ['Huhn pur', 'Lamm pur', 'Rind & Kartoffel', 'Rind pur', 'Pferd & Kartoffeln', 'Huhn & Kartoffel', 'Lamm & Kartoffel', 'Ente pur']}",
  "product_description": "PREMIERE\nArt.Nr.: 1243371\nPREMIERE Meati Sensitive - für ernährungssensible Hunde sowie bei Futtermittelunverträglichkeiten\nBesonders abgestimmtes Nassfutter, das sich durch folgende Vorteile auszeichnet:\nNur ein ausgewähltes Protein in der Rezeptur\nDie\nPur-Sorten\nohne pflanzliche Kohlenhydrate eignen sich besonders für Hunde, die auf Reis, Getreide oder Kartoffeln reagieren\nFür ernährungssensible Hunde geeignet\nHergestellt in Deutschland\nDie getreide- und glutenfreie Rezeptur trägt zur Schonung des Magen-Darm-Trakts und zu einer optimalen Verdauung bei und ist ideal bei Futtermittelunverträglichkeiten.\n*Schmeckt nicht? Mit unserer\nQualitätsgarantie\nbekommst du dein Geld zurück und suchst dir einfach ein anderes Futter aus.\nAlleinfuttermittel für ausgewachsene, ernährungssensible Hunde, weitere Informationen erhalten Sie hier: info@fressnapf.com\nFütterungsempfehlung\nGewicht des Tieres\nFuttermenge pro Tag\n10 kg\n470 g\n15 kg\n640 g\n20 kg\n790 g\n25 kg\n940 g\n30 kg\n1070 g\n35 kg\n1210 g\n40 kg\n1330 g\n45 kg\n1460 g\n50 kg\n1580 g\n60 kg\n1810 g\n70 kg\n2030 g\n80 kg\n2240 g\nInhaltsstoffe\nAnalytische Bestandteile\nProtein 10%, Fett 9%, Asche 2,3%, Faser 0,5%, Calcium 0,20%, Phosphor 0,16%, Energiegehalt 487 kJ / 116 kcal.\nZusammensetzung\n65% Pferd (40% Muskelfleisch, Herzen, Lebern), 1% Mineralstoffe, 0,5% Leinöl\nFeuchtegehalt\n78%.\nZusatzstoffe pro kg\nErnährungsphysiologische Zusatzstoffe: Vitamin D3 200 IE, Kupfer (Kupfer(II)-sulfat, Pentahydrat) 1mg, Jod (Kalziumjodat, wasserfrei) 0,75mg, Mangan (Mangan(II)-sulfat, Monohydrat) 1,4mg, Zink (Zinksulfat, Monohydrat) 25mg.\nVersandinformationen\nLieferungen erfolgen ab einem Mindestbestellwert von € 19,00 inkl. Mehrwertsteuer nach Abzug von Rabatten.\nWelche Versandkosten fallen für meine Bestellung an?\nWir berechnen € 2,99 bis zu einem Bestellwert von 29,00 €  – unabhängig von der Anzahl der Artikel und der Versandart.\nLieferungen ab 29,00 € werden mit 0,99 € Versandkosten pro Bestellung berechnet. Bei Bestellungen die ein Gesamtgewicht von 31 kg überschreiten, werden je nach Gewicht zwei oder mehrere Pakete versendet (Maximalgewicht pro Paket 31 kg). Für den erhöhten Versandaufwand berechnen wir einmalig zusätzliche Versandkosten in Höhe von 2,99 € pro Bestellung.\nLieferungen sind grundsätzlich nur innerhalb Österreichs möglich.\nDie Lieferzeit beträgt 1-3 Werktage bei Bestellungen bis 16 Uhr.\nKundenbewertungen und -rezensionen verstehen\nProduktbewertungen\nWie funktionieren Bewertungen in der Fressnapf-Gruppe (einschließlich Maxi Zoo)?\nKundenmeinungen in Form von Produkt- und Sternebewertungen sind dienlich für alle Kunden. Sie ermöglichen mehr über das Produkt zu erfahren und helfen bei Kaufentscheidung. Jeder Kunde, der ein Produkt Online oder im Markt erworben hat, kann eine Bewertung abgeben. Wir beziehen zudem Bewertungen aus Dritt-Quellen, z.B. von Hersteller-Seiten. Die Bewertungsherkunft wird an den jeweiligen Rezension ausgewiesen. Für Fressnapf ist das Meinungsbild seiner Kunden wichtig, um Schwachstellen zu analysieren und die Produktqualität zu verbessern. Alle Bewertungen werden durch unseren Dienstleister Bazaarvoice auf Vertrauenswürdigkeit geprüft. Bewertungsinhalte, die gegen die Nutzungsbedingungen der Fressnapf-Gruppe verstoßen, werden abgelehnt. Sonst erfolgt die Veröffentlichung von positiven wie auch negativen Produktbewertungen.\nHier mehr Informationen rund um Produktbewertungen\n.\nWeitere Informationen zur Verarbeitung Ihrer personenbezogenen Daten entnehmen Sie bitte unseren\nDatenschutzhinweisen\n.",
  "rating": 4.28,
  "review": 687,
  "ingredients": "Analytische Bestandteile Protein 10%, Fett 9%, Asche 2,3%, Faser 0,5%, Calcium 0,20%, Phosphor 0,16%, Energiegehalt 487 kJ / 116 kcal. Zusammensetzung 65% Pferd (40% Muskelfleisch, Herzen, Lebern), 1% Mineralstoffe, 0,5% Leinöl Feuchtegehalt 78%. Zusatzstoffe pro kg Ernährungsphysiologische Zusatzstoffe: Vitamin D3 200 IE, Kupfer (Kupfer(II)-sulfat, Pentahydrat) 1mg, Jod (Kalziumjodat, wasserfrei) 0,75mg, Mangan (Mangan(II)-sulfat, Monohydrat) 1,4mg, Zink (Zinksulfat, Monohydrat) 25mg.",
  "instock": true,
  "retail_limit": "10x"
},
{
  "_id": {
    "$oid": "66bef411a9267700a3bd01c4"
  },
  "unique_id": 1002958009,
  "competitor_name": "fressnapf",
  "product_name": "PREMIERE Sterilised 2 kg",
  "brand": "PREMIERE",
  "regular_price": 15.99,
  "selling_price": 15.99,
  "price_per_unit": "€8.00/kg",
  "currency": "EUR",
  "breadcrumb": "Heimat > Katze > Katzenfutter > Trockenfutter > PREMIERE Sterilised 2 kg",
  "pdp_url": "https://www.fressnapf.at/p/premiere-sterilised-2-kg-1002958009/",
  "product_description": "PREMIERE\nArt.Nr.: 1002958009\nAlleinfuttermittel für sterilisierte und kastrierte ausgewachsene Katzen.\nAdult Sterilised ist ein schmackhaftes und bekömmliches Alleinfuttermittel, speziell ausgerichtet auf den Bedarf von sterilisierten und kastrierten Katzen.\nDie Vorteile im Überblick:\nDer angepasste Fett- und Proteingehalt begünstigt den Erhalt des Idealgewichts.\nAmmoniumchlorid begünstigt die Reduzierung des Harn-pH-Wertes.\nZusätzlich kann der angepasste Mineralstoffgehalt helfen, einer Harnsteinbildung vorzubeugen.\nDie in Fisch- und Sonnenblumenöl enthaltenen Omega-3- und Omega-6-Fettsäuren unterstützen die Haut- und Fellgesundheit.\nExtra hoher Fleischanteil mit Geflügel und Rind als einzige Fleischquellen. Die Rezeptur ist reich an Frischfleisch (14%) für besondere Schmackhaftigkeit.\nDer speziell entwickelte HERBAL LIFE COMPLEX besteht aus wertvollen pflanzlichen Nährstoffen, die ein gesundes Katzenleben unterstützen können. Pflanzen sind eine bedeutende Quelle essenzieller Fettsäuren, von Vitaminen, Ballaststoffen und Antioxidantien. Deren positive Eigenschaften können sich förderlich auf Haut und Fell, die Verdauung oder auch das Immunsystem Ihrer Katze auswirken.\n*Schmeckt nicht? Mit unserer\nQualitätsgarantie\nbekommst du dein Geld zurück und suchst dir einfach ein anderes Futter aus.\nAlleinfuttermittel für ausgewachsene, kastrierte Katzen. Weitere Informationen erhalten Sie hier:\ninfo@fressnapf.com\nInverkehrbringer\nMultiFit Tiernahrungs GmbH, Westpreußenstr. 32-38, 47809 Krefeld\nFütterungsempfehlung\nDie Angaben sind Richtwerte. Bitte immer ausreichend frisches Trinkwasser zur Verfügung stellen.\nGewicht des Tieres\nFuttermenge pro Tag\n2 kg\n30 g\n3 kg\n45 g\n4 kg\n60 g\n5 kg\n65 g\n6 kg\n70 g\n7 kg\n80 g\n8 kg\n90 g\nInhaltsstoffe\nAnalytische Bestandteile\nProtein 38%, Fettgehalt 13%, Rohasche 8,3%, Rohfaser 4%, Calcium 1,5%, Phosphor 1,1%, Omega-3-Fettsäuren 0,5%, Omega-6-Fettsäuren 2%\nZusammensetzung\nGeflügeltrockenfleisch (28%), Kartoffelmehl, frisches Geflügelfleisch (14% u.a. 4% Hühnerfleisch), Reis (14%), Grieben, Geflügelfett (4,1%), Rinderprotein (4%), Pulvercellulose (2,5%), Rübentrockenschnitzel (2,5%), Geflügelleberhydrolysat (1,1%) Bierhefe (1%), Leinsaat (0,95%), Lachsöl (0,5%), Kaliumchlorid (0,45%),  Chicorée (0,19%, Inulin: 0,1%), Yucca schidigera (0,1%), Granatapfel (0,04%), Traubenkernextrakt (0,01%), Sonnenblumenöl (0,01%), Oregano (0,008%), Petersilie (0,008%), Majoran (0,008%), Salbei (0,008%), Thymian (0,008%)\nZusatzstoffe pro kg\nErnährungsphysiologische Zusatzstoffe: Vitamin A 17000 IE, Vitamin D3 1500IE, Taurin 1250mg, Kupfer (Kupfersulfat, Pentahydrat) 10mg, Jod (Calciumiodat, wasserfrei) 2mg, Mangan (Mangan-(II)-oxid) 40mg, Selen (Selenmethionin) 0,2mg, Zink (Zinkoxid) 40mg; Technologische Zusatzstoffe: Antioxidationsmittel\nVersandinformationen\nLieferungen erfolgen ab einem Mindestbestellwert von € 19,00 inkl. Mehrwertsteuer nach Abzug von Rabatten.\nWelche Versandkosten fallen für meine Bestellung an?\nWir berechnen € 2,99 bis zu einem Bestellwert von 29,00 €  – unabhängig von der Anzahl der Artikel und der Versandart.\nLieferungen ab 29,00 € werden mit 0,99 € Versandkosten pro Bestellung berechnet. Bei Bestellungen die ein Gesamtgewicht von 31 kg überschreiten, werden je nach Gewicht zwei oder mehrere Pakete versendet (Maximalgewicht pro Paket 31 kg). Für den erhöhten Versandaufwand berechnen wir einmalig zusätzliche Versandkosten in Höhe von 2,99 € pro Bestellung.\nLieferungen sind grundsätzlich nur innerhalb Österreichs möglich.\nDie Lieferzeit beträgt 1-3 Werktage bei Bestellungen bis 16 Uhr.\nKundenbewertungen und -rezensionen verstehen\nProduktbewertungen\nWie funktionieren Bewertungen in der Fressnapf-Gruppe (einschließlich Maxi Zoo)?\nKundenmeinungen in Form von Produkt- und Sternebewertungen sind dienlich für alle Kunden. Sie ermöglichen mehr über das Produkt zu erfahren und helfen bei Kaufentscheidung. Jeder Kunde, der ein Produkt Online oder im Markt erworben hat, kann eine Bewertung abgeben. Wir beziehen zudem Bewertungen aus Dritt-Quellen, z.B. von Hersteller-Seiten. Die Bewertungsherkunft wird an den jeweiligen Rezension ausgewiesen. Für Fressnapf ist das Meinungsbild seiner Kunden wichtig, um Schwachstellen zu analysieren und die Produktqualität zu verbessern. Alle Bewertungen werden durch unseren Dienstleister Bazaarvoice auf Vertrauenswürdigkeit geprüft. Bewertungsinhalte, die gegen die Nutzungsbedingungen der Fressnapf-Gruppe verstoßen, werden abgelehnt. Sonst erfolgt die Veröffentlichung von positiven wie auch negativen Produktbewertungen.\nHier mehr Informationen rund um Produktbewertungen\n.\nWeitere Informationen zur Verarbeitung Ihrer personenbezogenen Daten entnehmen Sie bitte unseren\nDatenschutzhinweisen\n.",
  "rating": 3.55,
  "review": 151,
  "distributor_address": "MultiFit Tiernahrungs GmbH, Westpreußenstr. 32-38, 47809 Krefeld",
  "ingredients": "Analytische Bestandteile Protein 38%, Fettgehalt 13%, Rohasche 8,3%, Rohfaser 4%, Calcium 1,5%, Phosphor 1,1%, Omega-3-Fettsäuren 0,5%, Omega-6-Fettsäuren 2% Zusammensetzung Geflügeltrockenfleisch (28%), Kartoffelmehl, frisches Geflügelfleisch (14% u.a. 4% Hühnerfleisch), Reis (14%), Grieben, Geflügelfett (4,1%), Rinderprotein (4%), Pulvercellulose (2,5%), Rübentrockenschnitzel (2,5%), Geflügelleberhydrolysat (1,1%) Bierhefe (1%), Leinsaat (0,95%), Lachsöl (0,5%), Kaliumchlorid (0,45%),  Chicorée (0,19%, Inulin: 0,1%), Yucca schidigera (0,1%), Granatapfel (0,04%), Traubenkernextrakt (0,01%), Sonnenblumenöl (0,01%), Oregano (0,008%), Petersilie (0,008%), Majoran (0,008%), Salbei (0,008%), Thymian (0,008%) Zusatzstoffe pro kg Ernährungsphysiologische Zusatzstoffe: Vitamin A 17000 IE, Vitamin D3 1500IE, Taurin 1250mg, Kupfer (Kupfersulfat, Pentahydrat) 10mg, Jod (Calciumiodat, wasserfrei) 2mg, Mangan (Mangan-(II)-oxid) 40mg, Selen (Selenmethionin) 0,2mg, Zink (Zinkoxid) 40mg; Technologische Zusatzstoffe: Antioxidationsmittel",
  "instock": true,
  "retail_limit": "10x"
},
{
  "_id": {
    "$oid": "66bef411a9267700a3bd01c5"
  },
  "unique_id": 1093767004,
  "competitor_name": "fressnapf",
  "product_name": "PREMIERE Sterilised 4 kg",
  "brand": "PREMIERE",
  "regular_price": 24.49,
  "selling_price": 24.49,
  "price_per_unit": "€6.12/kg",
  "currency": "EUR",
  "breadcrumb": "Heimat > Katze > Katzenfutter > Trockenfutter > PREMIERE Sterilised 4 kg",
  "pdp_url": "https://www.fressnapf.at/p/premiere-sterilised-4-kg-1093767004/",
  "product_description": "PREMIERE\nArt.Nr.: 1093767004\nAlleinfuttermittel für sterilisierte und kastrierte ausgewachsene Katzen.\nAdult Sterilised ist ein schmackhaftes und bekömmliches Alleinfuttermittel, speziell ausgerichtet auf den Bedarf von sterilisierten und kastrierten Katzen.\nDie Vorteile im Überblick:\nDer angepasste Fett- und Proteingehalt begünstigt den Erhalt des Idealgewichts.\nAmmoniumchlorid begünstigt die Reduzierung des Harn-pH-Wertes.\nZusätzlich kann der angepasste Mineralstoffgehalt helfen, einer Harnsteinbildung vorzubeugen.\nDie in Fisch- und Sonnenblumenöl enthaltenen Omega-3- und Omega-6-Fettsäuren unterstützen die Haut- und Fellgesundheit.\nExtra hoher Fleischanteil mit Geflügel und Rind als einzige Fleischquellen. Die Rezeptur ist reich an Frischfleisch (14%) für besondere Schmackhaftigkeit.\nDer speziell entwickelte HERBAL LIFE COMPLEX besteht aus wertvollen pflanzlichen Nährstoffen, die ein gesundes Katzenleben unterstützen können. Pflanzen sind eine bedeutende Quelle essenzieller Fettsäuren, von Vitaminen, Ballaststoffen und Antioxidantien. Deren positive Eigenschaften können sich förderlich auf Haut und Fell, die Verdauung oder auch das Immunsystem Ihrer Katze auswirken.\n*Schmeckt nicht? Mit unserer\nQualitätsgarantie\nbekommst du dein Geld zurück und suchst dir einfach ein anderes Futter aus.\nAlleinfuttermittel für ausgewachsene, kastrierte Katzen. Weitere Informationen erhalten Sie hier:\ninfo@fressnapf.com\nInverkehrbringer\nMultiFit Tiernahrungs GmbH, Westpreußenstr. 32-38, 47809 Krefeld\nFütterungsempfehlung\nDie Angaben sind Richtwerte. Bitte immer ausreichend frisches Trinkwasser zur Verfügung stellen.\nGewicht des Tieres\nFuttermenge pro Tag\n2 kg\n30 g\n3 kg\n45 g\n4 kg\n60 g\n5 kg\n65 g\n6 kg\n70 g\n7 kg\n80 g\n8 kg\n90 g\nInhaltsstoffe\nAnalytische Bestandteile\nProtein 38%, Fettgehalt 13%, Rohasche 8,3%, Rohfaser 4%, Calcium 1,5%, Phosphor 1,1%, Omega-3-Fettsäuren 0,5%, Omega-6-Fettsäuren 2%\nZusammensetzung\nGeflügeltrockenfleisch (28%), Kartoffelmehl, frisches Geflügelfleisch (14% u.a. 4% Hühnerfleisch), Reis (14%), Grieben, Geflügelfett (4,1%), Rinderprotein (4%), Pulvercellulose (2,5%), Rübentrockenschnitzel (2,5%), Geflügelleberhydrolysat (1,1%) Bierhefe (1%), Leinsaat (0,95%), Lachsöl (0,5%), Kaliumchlorid (0,45%),  Chicorée (0,19%, Inulin: 0,1%), Yucca schidigera (0,1%), Granatapfel (0,04%), Traubenkernextrakt (0,01%), Sonnenblumenöl (0,01%), Oregano (0,008%), Petersilie (0,008%), Majoran (0,008%), Salbei (0,008%), Thymian (0,008%)\nZusatzstoffe pro kg\nErnährungsphysiologische Zusatzstoffe: Vitamin A 17000 IE, Vitamin D3 1500IE, Taurin 1250mg, Kupfer (Kupfersulfat, Pentahydrat) 10mg, Jod (Calciumiodat, wasserfrei) 2mg, Mangan (Mangan-(II)-oxid) 40mg, Selen (Selenmethionin) 0,2mg, Zink (Zinkoxid) 40mg; Technologische Zusatzstoffe: Antioxidationsmittel\nVersandinformationen\nLieferungen erfolgen ab einem Mindestbestellwert von € 19,00 inkl. Mehrwertsteuer nach Abzug von Rabatten.\nWelche Versandkosten fallen für meine Bestellung an?\nWir berechnen € 2,99 bis zu einem Bestellwert von 29,00 €  – unabhängig von der Anzahl der Artikel und der Versandart.\nLieferungen ab 29,00 € werden mit 0,99 € Versandkosten pro Bestellung berechnet. Bei Bestellungen die ein Gesamtgewicht von 31 kg überschreiten, werden je nach Gewicht zwei oder mehrere Pakete versendet (Maximalgewicht pro Paket 31 kg). Für den erhöhten Versandaufwand berechnen wir einmalig zusätzliche Versandkosten in Höhe von 2,99 € pro Bestellung.\nLieferungen sind grundsätzlich nur innerhalb Österreichs möglich.\nDie Lieferzeit beträgt 1-3 Werktage bei Bestellungen bis 16 Uhr.\nKundenbewertungen und -rezensionen verstehen\nProduktbewertungen\nWie funktionieren Bewertungen in der Fressnapf-Gruppe (einschließlich Maxi Zoo)?\nKundenmeinungen in Form von Produkt- und Sternebewertungen sind dienlich für alle Kunden. Sie ermöglichen mehr über das Produkt zu erfahren und helfen bei Kaufentscheidung. Jeder Kunde, der ein Produkt Online oder im Markt erworben hat, kann eine Bewertung abgeben. Wir beziehen zudem Bewertungen aus Dritt-Quellen, z.B. von Hersteller-Seiten. Die Bewertungsherkunft wird an den jeweiligen Rezension ausgewiesen. Für Fressnapf ist das Meinungsbild seiner Kunden wichtig, um Schwachstellen zu analysieren und die Produktqualität zu verbessern. Alle Bewertungen werden durch unseren Dienstleister Bazaarvoice auf Vertrauenswürdigkeit geprüft. Bewertungsinhalte, die gegen die Nutzungsbedingungen der Fressnapf-Gruppe verstoßen, werden abgelehnt. Sonst erfolgt die Veröffentlichung von positiven wie auch negativen Produktbewertungen.\nHier mehr Informationen rund um Produktbewertungen\n.\nWeitere Informationen zur Verarbeitung Ihrer personenbezogenen Daten entnehmen Sie bitte unseren\nDatenschutzhinweisen\n.",
  "rating": 3.55,
  "review": 151,
  "distributor_address": "MultiFit Tiernahrungs GmbH, Westpreußenstr. 32-38, 47809 Krefeld",
  "ingredients": "Analytische Bestandteile Protein 38%, Fettgehalt 13%, Rohasche 8,3%, Rohfaser 4%, Calcium 1,5%, Phosphor 1,1%, Omega-3-Fettsäuren 0,5%, Omega-6-Fettsäuren 2% Zusammensetzung Geflügeltrockenfleisch (28%), Kartoffelmehl, frisches Geflügelfleisch (14% u.a. 4% Hühnerfleisch), Reis (14%), Grieben, Geflügelfett (4,1%), Rinderprotein (4%), Pulvercellulose (2,5%), Rübentrockenschnitzel (2,5%), Geflügelleberhydrolysat (1,1%) Bierhefe (1%), Leinsaat (0,95%), Lachsöl (0,5%), Kaliumchlorid (0,45%),  Chicorée (0,19%, Inulin: 0,1%), Yucca schidigera (0,1%), Granatapfel (0,04%), Traubenkernextrakt (0,01%), Sonnenblumenöl (0,01%), Oregano (0,008%), Petersilie (0,008%), Majoran (0,008%), Salbei (0,008%), Thymian (0,008%) Zusatzstoffe pro kg Ernährungsphysiologische Zusatzstoffe: Vitamin A 17000 IE, Vitamin D3 1500IE, Taurin 1250mg, Kupfer (Kupfersulfat, Pentahydrat) 10mg, Jod (Calciumiodat, wasserfrei) 2mg, Mangan (Mangan-(II)-oxid) 40mg, Selen (Selenmethionin) 0,2mg, Zink (Zinkoxid) 40mg; Technologische Zusatzstoffe: Antioxidationsmittel",
  "instock": true,
  "retail_limit": "10x"
},
{
  "_id": {
    "$oid": "66bef411a9267700a3bd01c6"
  },
  "unique_id": 1231124003,
  "competitor_name": "fressnapf",
  "product_name": "PREMIERE Sterilised 10 kg",
  "brand": "PREMIERE",
  "regular_price": 42.99,
  "selling_price": 42.99,
  "price_per_unit": "€4.30/kg",
  "currency": "EUR",
  "breadcrumb": "Heimat > Katze > Katzenfutter > Trockenfutter > PREMIERE Sterilised 10 kg",
  "pdp_url": "https://www.fressnapf.at/p/premiere-sterilised-10-kg-1231124003/",
  "product_description": "PREMIERE\nArt.Nr.: 1231124003\nAlleinfuttermittel für sterilisierte und kastrierte ausgewachsene Katzen.\nAdult Sterilised ist ein schmackhaftes und bekömmliches Alleinfuttermittel, speziell ausgerichtet auf den Bedarf von sterilisierten und kastrierten Katzen.\nDie Vorteile im Überblick:\nDer angepasste Fett- und Proteingehalt begünstigt den Erhalt des Idealgewichts.\nAmmoniumchlorid begünstigt die Reduzierung des Harn-pH-Wertes.\nZusätzlich kann der angepasste Mineralstoffgehalt helfen, einer Harnsteinbildung vorzubeugen.\nDie in Fisch- und Sonnenblumenöl enthaltenen Omega-3- und Omega-6-Fettsäuren unterstützen die Haut- und Fellgesundheit.\nExtra hoher Fleischanteil mit Geflügel und Rind als einzige Fleischquellen. Die Rezeptur ist reich an Frischfleisch (14%) für besondere Schmackhaftigkeit.\nDer speziell entwickelte HERBAL LIFE COMPLEX besteht aus wertvollen pflanzlichen Nährstoffen, die ein gesundes Katzenleben unterstützen können. Pflanzen sind eine bedeutende Quelle essenzieller Fettsäuren, von Vitaminen, Ballaststoffen und Antioxidantien. Deren positive Eigenschaften können sich förderlich auf Haut und Fell, die Verdauung oder auch das Immunsystem Ihrer Katze auswirken.\n*Schmeckt nicht? Mit unserer\nQualitätsgarantie\nbekommst du dein Geld zurück und suchst dir einfach ein anderes Futter aus.\nAlleinfuttermittel für ausgewachsene, kastrierte Katzen. Weitere Informationen erhalten Sie hier:\ninfo@fressnapf.com\nInverkehrbringer\nMultiFit Tiernahrungs GmbH, Westpreußenstr. 32-38, 47809 Krefeld\nFütterungsempfehlung\nGewicht des Tieres\nFuttermenge pro Tag\n2 kg\n30 g\n3 kg\n45 g\n4 kg\n60 g\n5 kg\n65 g\n6 kg\n70 g\n7 kg\n80 g\n8 kg\n90 g\nDie Angaben sind Richtwerte. Bitte immer ausreichend frisches Trinkwasser zur Verfügung stellen.\nInhaltsstoffe\nAnalytische Bestandteile\nProtein 38%, Fettgehalt 13%, Rohasche 8,3%, Rohfaser 4%, Calcium 1,5%, Phosphor 1,1%, Omega-3-Fettsäuren 0,5%, Omega-6-Fettsäuren 2%\nZusammensetzung\nGeflügeltrockenfleisch (28%), Kartoffelmehl, frisches Geflügelfleisch (14% u.a. 4% Hühnerfleisch), Reis (14%), Grieben, Geflügelfett (4,1%), Rinderprotein (4%), Pulvercellulose (2,5%), Rübentrockenschnitzel (2,5%), Geflügelleberhydrolysat (1,1%) Bierhefe (1%), Leinsaat (0,95%), Lachsöl (0,5%), Kaliumchlorid (0,45%),  Chicorée (0,19%, Inulin: 0,1%), Yucca schidigera (0,1%), Granatapfel (0,04%), Traubenkernextrakt (0,01%), Sonnenblumenöl (0,01%), Oregano (0,008%), Petersilie (0,008%), Majoran (0,008%), Salbei (0,008%), Thymian (0,008%)\nZusatzstoffe pro kg\nErnährungsphysiologische Zusatzstoffe: Vitamin A 17000 IE, Vitamin D3 1500IE, Taurin 1250mg, Kupfer (Kupfersulfat, Pentahydrat) 10mg, Jod (Calciumiodat, wasserfrei) 2mg, Mangan (Mangan-(II)-oxid) 40mg, Selen (Selenmethionin) 0,2mg, Zink (Zinkoxid) 40mg; Technologische Zusatzstoffe: Antioxidationsmittel\nVersandinformationen\nLieferungen erfolgen ab einem Mindestbestellwert von € 19,00 inkl. Mehrwertsteuer nach Abzug von Rabatten.\nWelche Versandkosten fallen für meine Bestellung an?\nWir berechnen € 2,99 bis zu einem Bestellwert von 29,00 €  – unabhängig von der Anzahl der Artikel und der Versandart.\nLieferungen ab 29,00 € werden mit 0,99 € Versandkosten pro Bestellung berechnet. Bei Bestellungen die ein Gesamtgewicht von 31 kg überschreiten, werden je nach Gewicht zwei oder mehrere Pakete versendet (Maximalgewicht pro Paket 31 kg). Für den erhöhten Versandaufwand berechnen wir einmalig zusätzliche Versandkosten in Höhe von 2,99 € pro Bestellung.\nLieferungen sind grundsätzlich nur innerhalb Österreichs möglich.\nDie Lieferzeit beträgt 1-3 Werktage bei Bestellungen bis 16 Uhr.\nKundenbewertungen und -rezensionen verstehen\nProduktbewertungen\nWie funktionieren Bewertungen in der Fressnapf-Gruppe (einschließlich Maxi Zoo)?\nKundenmeinungen in Form von Produkt- und Sternebewertungen sind dienlich für alle Kunden. Sie ermöglichen mehr über das Produkt zu erfahren und helfen bei Kaufentscheidung. Jeder Kunde, der ein Produkt Online oder im Markt erworben hat, kann eine Bewertung abgeben. Wir beziehen zudem Bewertungen aus Dritt-Quellen, z.B. von Hersteller-Seiten. Die Bewertungsherkunft wird an den jeweiligen Rezension ausgewiesen. Für Fressnapf ist das Meinungsbild seiner Kunden wichtig, um Schwachstellen zu analysieren und die Produktqualität zu verbessern. Alle Bewertungen werden durch unseren Dienstleister Bazaarvoice auf Vertrauenswürdigkeit geprüft. Bewertungsinhalte, die gegen die Nutzungsbedingungen der Fressnapf-Gruppe verstoßen, werden abgelehnt. Sonst erfolgt die Veröffentlichung von positiven wie auch negativen Produktbewertungen.\nHier mehr Informationen rund um Produktbewertungen\n.\nWeitere Informationen zur Verarbeitung Ihrer personenbezogenen Daten entnehmen Sie bitte unseren\nDatenschutzhinweisen\n.",
  "rating": 3.55,
  "review": 151,
  "distributor_address": "MultiFit Tiernahrungs GmbH, Westpreußenstr. 32-38, 47809 Krefeld",
  "ingredients": "Analytische Bestandteile Protein 38%, Fettgehalt 13%, Rohasche 8,3%, Rohfaser 4%, Calcium 1,5%, Phosphor 1,1%, Omega-3-Fettsäuren 0,5%, Omega-6-Fettsäuren 2% Zusammensetzung Geflügeltrockenfleisch (28%), Kartoffelmehl, frisches Geflügelfleisch (14% u.a. 4% Hühnerfleisch), Reis (14%), Grieben, Geflügelfett (4,1%), Rinderprotein (4%), Pulvercellulose (2,5%), Rübentrockenschnitzel (2,5%), Geflügelleberhydrolysat (1,1%) Bierhefe (1%), Leinsaat (0,95%), Lachsöl (0,5%), Kaliumchlorid (0,45%),  Chicorée (0,19%, Inulin: 0,1%), Yucca schidigera (0,1%), Granatapfel (0,04%), Traubenkernextrakt (0,01%), Sonnenblumenöl (0,01%), Oregano (0,008%), Petersilie (0,008%), Majoran (0,008%), Salbei (0,008%), Thymian (0,008%) Zusatzstoffe pro kg Ernährungsphysiologische Zusatzstoffe: Vitamin A 17000 IE, Vitamin D3 1500IE, Taurin 1250mg, Kupfer (Kupfersulfat, Pentahydrat) 10mg, Jod (Calciumiodat, wasserfrei) 2mg, Mangan (Mangan-(II)-oxid) 40mg, Selen (Selenmethionin) 0,2mg, Zink (Zinkoxid) 40mg; Technologische Zusatzstoffe: Antioxidationsmittel",
  "instock": true,
  "retail_limit": "10x"
},
{
  "_id": {
    "$oid": "66bef411a9267700a3bd01c7"
  },
  "unique_id": 1173938004,
  "competitor_name": "fressnapf",
  "product_name": "REAL NATURE WILDERNESS Adult Wide Savannah Geflügel mit Wildschwein und Lamm 2.5 kg",
  "brand": "REAL NATURE",
  "regular_price": 27.99,
  "selling_price": 27.99,
  "price_per_unit": "€11.20/kg",
  "currency": "EUR",
  "breadcrumb": "Heimat > Katze > Katzenfutter > Trockenfutter > REAL NATURE WILDERNESS Adult Wide Savannah Geflügel mit Wildschwein und Lamm 2,5 kg",
  "pdp_url": "https://www.fressnapf.at/p/real-nature-wilderness-adult-wide-savannah-gefluegel-mit-wildschwein-und-lamm-25-kg-1173938004/",
  "product_description": "REAL NATURE\nArt.Nr.: 1173938004\n*Schmeckt nicht? Mit unserer\nAkzeptanzgarantie\nbekommst du dein Geld zurück und suchst dir einfach ein anderes Futter aus.\nREAL NATURE WILDERNESS orientiert sich an der Ernährung ihrer Vorfahren, der Wildkatze, und ermöglicht Ihnen, Ihr Tier so artgerecht wie möglich zu ernähren.\nDiese REAL NATURE WILDERNESS Rezeptur besteht aus 75% hochwertigem Geflügel, Wildschwein und Lamm, 25% Obst, Gemüse und Kräutern und 0% Getreide. Sie enthält unter anderem frische Hühnerleber als hochwertige tierische Proteinquelle sowie Kartoffeln als Kohlenhydratquelle.\nREAL NATURE WILDERNESS ist 100% natürlich1 und frei von Konservierungs-, Aroma- und Farbstoffen.\nDie Vorteile im Überblick:\n75% hochwertiges Geflügel, Wildschwein und Lamm, 25% Obst, Gemüse und Kräuter\ngetreidefreie Rezeptur\nfrei von Konservierungs-, Aroma- und Farbstoffen\n1 in den eingesetzten Rohstoffen\nMöchtest du mehr über die Produkte von REAL NATURE für Katzen erfahren? Tauche\nhier\nin die Welt der Produktvielfalt von REAL NATURE ein!\nAlleinfuttermittel für ausgewachsene Katzen. Weitere Informationen erhalten Sie hier:\ninfo@fressnapf.com\nMehr Produktinfos\nInverkehrbringer\nMultiFit Tiernahrungs GmbH, Westpreußenstr. 32-38, 47809 Krefeld",
  "rating": 4.69,
  "review": 98,
  "distributor_address": "MultiFit Tiernahrungs GmbH, Westpreußenstr. 32-38, 47809 Krefeld",
  "ingredients": "Analytische Bestandteile Protein 38%, Fettgehalt 16%, Rohasche 8%, Rohfaser 4%, Calcium 1,1%, Phosphor 0,9%. Zusammensetzung Hühnerprotein (23%), Wildschweinprotein (18%), Kartoffeln (11%), Kartoffelmehl (10%), Hühnerfett (10%), frisches Hühnerfleisch (7%), frisches Putenfleisch (6%), Entenprotein (3%), Lammprotein (3%), Hühnerprotein, hydrolysiert (3%), Apfelpülpe (2%), frische Hühnerleber (2%), Spinat (0,5%), Sonnenblumenöl (0,5%), Mannan-Oligosaccharide (0,015%), Fructo-Oligosaccharide (0,013%), Yucca schidigera (0,008%), Rosmarin (0,0034%), Katzenminze (0,00204%), Petersilie (0,00136%), Flohsamen (0,00102%), Brennnesseln (0,00085%), Kamille (0,00085%). Kann Spuren anderer Zutaten enthalten. Zusatzstoffe pro kg Ernährungsphysiologische Zusatzstoffe: Vitamin A 22000 IE, Vitamin D3 900 IE, Vitamin E 700mg, Vitamin C 250mg, Taurin 2300mg, Eisen (3b106) 48mg, Kupfer (3b406) 12mg, Jod (3b201) 3,8mg, Mangan (3b504) 56mg, Selen (3b810) 0,2mg, Zink (3b606) 140mg.",
  "instock": true,
  "retail_limit": "10x"
},
{
  "_id": {
    "$oid": "66bef411a9267700a3bd01c8"
  },
  "unique_id": 1243342,
  "competitor_name": "fressnapf",
  "product_name": "PREMIERE Sterilised 2x10 kg",
  "brand": "PREMIERE",
  "regular_price": 79.99,
  "selling_price": 79.99,
  "price_per_unit": "€4.00/kg",
  "currency": "EUR",
  "breadcrumb": "Heimat > Katze > Katzenfutter > Trockenfutter > PREMIERE Sterilised 2x10 kg",
  "pdp_url": "https://www.fressnapf.at/p/premiere-sterilised-2x10-kg-1243342/",
  "product_description": "PREMIERE\nArt.Nr.: 1243342\nAlleinfuttermittel für sterilisierte und kastrierte ausgewachsene Katzen.\nAdult Sterilised ist ein schmackhaftes und bekömmliches Alleinfuttermittel, speziell ausgerichtet auf den Bedarf von sterilisierten und kastrierten Katzen.\nDie Vorteile im Überblick:\nDer angepasste Fett- und Proteingehalt begünstigt den Erhalt des Idealgewichts.\nAmmoniumchlorid begünstigt die Reduzierung des Harn-pH-Wertes.\nZusätzlich kann der angepasste Mineralstoffgehalt helfen, einer Harnsteinbildung vorzubeugen.\nDie in Fisch- und Sonnenblumenöl enthaltenen Omega-3- und Omega-6-Fettsäuren unterstützen die Haut- und Fellgesundheit.\nExtra hoher Fleischanteil mit Geflügel und Rind als einzige Fleischquellen. Die Rezeptur ist reich an Frischfleisch (14%) für besondere Schmackhaftigkeit.\nDer speziell entwickelte HERBAL LIFE COMPLEX besteht aus wertvollen pflanzlichen Nährstoffen, die ein gesundes Katzenleben unterstützen können. Pflanzen sind eine bedeutende Quelle essenzieller Fettsäuren, von Vitaminen, Ballaststoffen und Antioxidantien. Deren positive Eigenschaften können sich förderlich auf Haut und Fell, die Verdauung oder auch das Immunsystem Ihrer Katze auswirken.\n*Schmeckt nicht? Mit unserer\nQualitätsgarantie\nbekommst du dein Geld zurück und suchst dir einfach ein anderes Futter aus.\nAlleinfuttermittel für ausgewachsene, kastrierte Katzen. Weitere Informationen erhalten Sie hier:\ninfo@fressnapf.com\nInverkehrbringer\nMultiFit Tiernahrungs GmbH, Westpreußenstr. 32-38, 47809 Krefeld\nFütterungsempfehlung\nGewicht des Tieres\nFuttermenge pro Tag\n2 kg\n30 g\n3 kg\n45 g\n4 kg\n60 g\n5 kg\n65 g\n6 kg\n70 g\n7 kg\n80 g\n8 kg\n90 g\nInhaltsstoffe\nAnalytische Bestandteile\nProtein 38%, Fettgehalt 13%, Rohasche 8,3%, Rohfaser 4%, Calcium 1,5%, Phosphor 1,1%, Omega-3-Fettsäuren 0,5%, Omega-6-Fettsäuren 2%\nZusammensetzung\nGeflügeltrockenfleisch (28%), Kartoffelmehl, frisches Geflügelfleisch (14% u.a. 4% Hühnerfleisch), Reis (14%), Grieben, Geflügelfett (4,1%), Rinderprotein (4%), Pulvercellulose (2,5%), Rübentrockenschnitzel (2,5%), Geflügelleberhydrolysat (1,1%) Bierhefe (1%), Leinsaat (0,95%), Lachsöl (0,5%), Kaliumchlorid (0,45%),  Chicorée (0,19%, Inulin: 0,1%), Yucca schidigera (0,1%), Granatapfel (0,04%), Traubenkernextrakt (0,01%), Sonnenblumenöl (0,01%), Oregano (0,008%), Petersilie (0,008%), Majoran (0,008%), Salbei (0,008%), Thymian (0,008%)\nZusatzstoffe pro kg\nErnährungsphysiologische Zusatzstoffe: Vitamin A 17000 IE, Vitamin D3 1500IE, Taurin 1250mg, Kupfer (Kupfersulfat, Pentahydrat) 10mg, Jod (Calciumiodat, wasserfrei) 2mg, Mangan (Mangan-(II)-oxid) 40mg, Selen (Selenmethionin) 0,2mg, Zink (Zinkoxid) 40mg; Technologische Zusatzstoffe: Antioxidationsmittel\nVersandinformationen\nLieferungen erfolgen ab einem Mindestbestellwert von € 19,00 inkl. Mehrwertsteuer nach Abzug von Rabatten.\nWelche Versandkosten fallen für meine Bestellung an?\nWir berechnen € 2,99 bis zu einem Bestellwert von 29,00 €  – unabhängig von der Anzahl der Artikel und der Versandart.\nLieferungen ab 29,00 € werden mit 0,99 € Versandkosten pro Bestellung berechnet. Bei Bestellungen die ein Gesamtgewicht von 31 kg überschreiten, werden je nach Gewicht zwei oder mehrere Pakete versendet (Maximalgewicht pro Paket 31 kg). Für den erhöhten Versandaufwand berechnen wir einmalig zusätzliche Versandkosten in Höhe von 2,99 € pro Bestellung.\nLieferungen sind grundsätzlich nur innerhalb Österreichs möglich.\nDie Lieferzeit beträgt 1-3 Werktage bei Bestellungen bis 16 Uhr.\nKundenbewertungen und -rezensionen verstehen\nProduktbewertungen\nWie funktionieren Bewertungen in der Fressnapf-Gruppe (einschließlich Maxi Zoo)?\nKundenmeinungen in Form von Produkt- und Sternebewertungen sind dienlich für alle Kunden. Sie ermöglichen mehr über das Produkt zu erfahren und helfen bei Kaufentscheidung. Jeder Kunde, der ein Produkt Online oder im Markt erworben hat, kann eine Bewertung abgeben. Wir beziehen zudem Bewertungen aus Dritt-Quellen, z.B. von Hersteller-Seiten. Die Bewertungsherkunft wird an den jeweiligen Rezension ausgewiesen. Für Fressnapf ist das Meinungsbild seiner Kunden wichtig, um Schwachstellen zu analysieren und die Produktqualität zu verbessern. Alle Bewertungen werden durch unseren Dienstleister Bazaarvoice auf Vertrauenswürdigkeit geprüft. Bewertungsinhalte, die gegen die Nutzungsbedingungen der Fressnapf-Gruppe verstoßen, werden abgelehnt. Sonst erfolgt die Veröffentlichung von positiven wie auch negativen Produktbewertungen.\nHier mehr Informationen rund um Produktbewertungen\n.\nWeitere Informationen zur Verarbeitung Ihrer personenbezogenen Daten entnehmen Sie bitte unseren\nDatenschutzhinweisen\n.",
  "rating": 3.55,
  "review": 151,
  "distributor_address": "MultiFit Tiernahrungs GmbH, Westpreußenstr. 32-38, 47809 Krefeld",
  "ingredients": "Analytische Bestandteile Protein 38%, Fettgehalt 13%, Rohasche 8,3%, Rohfaser 4%, Calcium 1,5%, Phosphor 1,1%, Omega-3-Fettsäuren 0,5%, Omega-6-Fettsäuren 2% Zusammensetzung Geflügeltrockenfleisch (28%), Kartoffelmehl, frisches Geflügelfleisch (14% u.a. 4% Hühnerfleisch), Reis (14%), Grieben, Geflügelfett (4,1%), Rinderprotein (4%), Pulvercellulose (2,5%), Rübentrockenschnitzel (2,5%), Geflügelleberhydrolysat (1,1%) Bierhefe (1%), Leinsaat (0,95%), Lachsöl (0,5%), Kaliumchlorid (0,45%),  Chicorée (0,19%, Inulin: 0,1%), Yucca schidigera (0,1%), Granatapfel (0,04%), Traubenkernextrakt (0,01%), Sonnenblumenöl (0,01%), Oregano (0,008%), Petersilie (0,008%), Majoran (0,008%), Salbei (0,008%), Thymian (0,008%) Zusatzstoffe pro kg Ernährungsphysiologische Zusatzstoffe: Vitamin A 17000 IE, Vitamin D3 1500IE, Taurin 1250mg, Kupfer (Kupfersulfat, Pentahydrat) 10mg, Jod (Calciumiodat, wasserfrei) 2mg, Mangan (Mangan-(II)-oxid) 40mg, Selen (Selenmethionin) 0,2mg, Zink (Zinkoxid) 40mg; Technologische Zusatzstoffe: Antioxidationsmittel",
  "instock": true,
  "retail_limit": "10x"
},
{
  "_id": {
    "$oid": "66bef411a9267700a3bd01c9"
  },
  "unique_id": 1242565,
  "competitor_name": "fressnapf",
  "product_name": "AniOne Laufrad Ella 20cm",
  "brand": "AniOne",
  "regular_price": 18.99,
  "selling_price": 18.99,
  "currency": "EUR",
  "breadcrumb": "Heimat > Kleintier > Kleintierspielzeug > Laufräder > AniOne Laufrad Ella 20cm",
  "pdp_url": "https://www.fressnapf.at/p/anione-laufrad-ella-20cm-1242565/",
  "product_description": "AniOne\nArt.Nr.: 1242565\nNaturholz-Laufrad für Zwerghamster und Mäuse.\nDas robuste Laufrad bringt Abwechslung und Beschäftigung ins Kleintierheim. Die geschlossene Lauffläche sowie die geschlossene Rückwand verhindert ein Einklemmen des Tieres und sorgt für einen sicheren Halt. Das Laufrad ist besonders leichtgängig und leise, was einen puren Laufspaß garantiert. Für eine wirbelsäulenschonende Benutzung ist die Größe des Laufrades ideal für Mäuse und Zwerghamster geeignet. Das Laufrad kann freistehend benutzt werden. Das Holz stammt aus nachhaltig bewirtschafteten Wäldern und ist FSC-zertifiziert.\nDurchmesser: 20cm\nWarnhinweis:\nBitte untersuchen Sie den Artikel regelmäßig auf Verbissspuren und tauschen Sie ihn bei Bedarf aus.\nInverkehrbringer\nMultiFit Tiernahrungs GmbH, Westpreußenstr. 32-38, 47809 Krefeld",
  "rating": 3.16,
  "review": 19,
  "distributor_address": "MultiFit Tiernahrungs GmbH, Westpreußenstr. 32-38, 47809 Krefeld",
  "instock": true,
  "warning": "Bitte untersuchen Sie den Artikel regelmäßig auf Verbissspuren und tauschen Sie ihn bei Bedarf aus.",
  "retail_limit": "6x"
},
{
  "_id": {
    "$oid": "66bef411a9267700a3bd01ca"
  },
  "unique_id": 1002957009,
  "competitor_name": "fressnapf",
  "product_name": "PREMIERE Sterilised 300 g",
  "brand": "PREMIERE",
  "regular_price": 2.99,
  "selling_price": 2.99,
  "price_per_unit": "€9.97/kg",
  "currency": "EUR",
  "breadcrumb": "Heimat > Katze > Katzenfutter > Trockenfutter > PREMIERE Sterilised 300 g",
  "pdp_url": "https://www.fressnapf.at/p/premiere-sterilised-300-g-1002957009/",
  "product_description": "PREMIERE\nArt.Nr.: 1002957009\nAlleinfuttermittel für sterilisierte und kastrierte ausgewachsene Katzen.\nAdult Sterilised ist ein schmackhaftes und bekömmliches Alleinfuttermittel, speziell ausgerichtet auf den Bedarf von sterilisierten und kastrierten Katzen.\nDie Vorteile im Überblick:\nDer angepasste Fett- und Proteingehalt begünstigt den Erhalt des Idealgewichts.\nAmmoniumchlorid begünstigt die Reduzierung des Harn-pH-Wertes.\nZusätzlich kann der angepasste Mineralstoffgehalt helfen, einer Harnsteinbildung vorzubeugen.\nDie in Fisch- und Sonnenblumenöl enthaltenen Omega-3- und Omega-6-Fettsäuren unterstützen die Haut- und Fellgesundheit.\nExtra hoher Fleischanteil mit Geflügel und Rind als einzige Fleischquellen. Die Rezeptur ist reich an Frischfleisch (14%) für besondere Schmackhaftigkeit.\nDer speziell entwickelte HERBAL LIFE COMPLEX besteht aus wertvollen pflanzlichen Nährstoffen, die ein gesundes Katzenleben unterstützen können. Pflanzen sind eine bedeutende Quelle essenzieller Fettsäuren, von Vitaminen, Ballaststoffen und Antioxidantien. Deren positive Eigenschaften können sich förderlich auf Haut und Fell, die Verdauung oder auch das Immunsystem Ihrer Katze auswirken.\n*Schmeckt nicht? Mit unserer\nQualitätsgarantie\nbekommst du dein Geld zurück und suchst dir einfach ein anderes Futter aus.\nAlleinfuttermittel für ausgewachsene, kastrierte Katzen. Weitere Informationen erhalten Sie hier:\ninfo@fressnapf.com\nInverkehrbringer\nMultiFit Tiernahrungs GmbH, Westpreußenstr. 32-38, 47809 Krefeld\nFütterungsempfehlung\nGewicht des Tieres\nFuttermenge pro Tag\n2 kg\n30 g\n3 kg\n45 g\n4 kg\n60 g\n5 kg\n65 g\n6 kg\n70 g\n7 kg\n80 g\n8 kg\n90 g\nInhaltsstoffe\nAnalytische Bestandteile\nProtein 38%, Fettgehalt 13%, Rohasche 8,3%, Rohfaser 4%, Calcium 1,5%, Phosphor 1,1%, Omega-3-Fettsäuren 0,5%, Omega-6-Fettsäuren 2%\nZusammensetzung\nGeflügeltrockenfleisch (28%), Kartoffelmehl, frisches Geflügelfleisch (14% u.a. 4% Hühnerfleisch), Reis (14%), Grieben, Geflügelfett (4,1%), Rinderprotein (4%), Pulvercellulose (2,5%), Rübentrockenschnitzel (2,5%), Geflügelleberhydrolysat (1,1%) Bierhefe (1%), Leinsaat (0,95%), Lachsöl (0,5%), Kaliumchlorid (0,45%),  Chicorée (0,19%, Inulin: 0,1%), Yucca schidigera (0,1%), Granatapfel (0,04%), Traubenkernextrakt (0,01%), Sonnenblumenöl (0,01%), Oregano (0,008%), Petersilie (0,008%), Majoran (0,008%), Salbei (0,008%), Thymian (0,008%)\nZusatzstoffe pro kg\nErnährungsphysiologische Zusatzstoffe: Vitamin A 17000 IE, Vitamin D3 1500IE, Taurin 1250mg, Kupfer (Kupfersulfat, Pentahydrat) 10mg, Jod (Calciumiodat, wasserfrei) 2mg, Mangan (Mangan-(II)-oxid) 40mg, Selen (Selenmethionin) 0,2mg, Zink (Zinkoxid) 40mg; Technologische Zusatzstoffe: Antioxidationsmittel\nVersandinformationen\nLieferungen erfolgen ab einem Mindestbestellwert von € 19,00 inkl. Mehrwertsteuer nach Abzug von Rabatten.\nWelche Versandkosten fallen für meine Bestellung an?\nWir berechnen € 2,99 bis zu einem Bestellwert von 29,00 €  – unabhängig von der Anzahl der Artikel und der Versandart.\nLieferungen ab 29,00 € werden mit 0,99 € Versandkosten pro Bestellung berechnet. Bei Bestellungen die ein Gesamtgewicht von 31 kg überschreiten, werden je nach Gewicht zwei oder mehrere Pakete versendet (Maximalgewicht pro Paket 31 kg). Für den erhöhten Versandaufwand berechnen wir einmalig zusätzliche Versandkosten in Höhe von 2,99 € pro Bestellung.\nLieferungen sind grundsätzlich nur innerhalb Österreichs möglich.\nDie Lieferzeit beträgt 1-3 Werktage bei Bestellungen bis 16 Uhr.\nKundenbewertungen und -rezensionen verstehen\nProduktbewertungen\nWie funktionieren Bewertungen in der Fressnapf-Gruppe (einschließlich Maxi Zoo)?\nKundenmeinungen in Form von Produkt- und Sternebewertungen sind dienlich für alle Kunden. Sie ermöglichen mehr über das Produkt zu erfahren und helfen bei Kaufentscheidung. Jeder Kunde, der ein Produkt Online oder im Markt erworben hat, kann eine Bewertung abgeben. Wir beziehen zudem Bewertungen aus Dritt-Quellen, z.B. von Hersteller-Seiten. Die Bewertungsherkunft wird an den jeweiligen Rezension ausgewiesen. Für Fressnapf ist das Meinungsbild seiner Kunden wichtig, um Schwachstellen zu analysieren und die Produktqualität zu verbessern. Alle Bewertungen werden durch unseren Dienstleister Bazaarvoice auf Vertrauenswürdigkeit geprüft. Bewertungsinhalte, die gegen die Nutzungsbedingungen der Fressnapf-Gruppe verstoßen, werden abgelehnt. Sonst erfolgt die Veröffentlichung von positiven wie auch negativen Produktbewertungen.\nHier mehr Informationen rund um Produktbewertungen\n.\nWeitere Informationen zur Verarbeitung Ihrer personenbezogenen Daten entnehmen Sie bitte unseren\nDatenschutzhinweisen\n.",
  "rating": 3.55,
  "review": 151,
  "distributor_address": "MultiFit Tiernahrungs GmbH, Westpreußenstr. 32-38, 47809 Krefeld",
  "ingredients": "Analytische Bestandteile Protein 38%, Fettgehalt 13%, Rohasche 8,3%, Rohfaser 4%, Calcium 1,5%, Phosphor 1,1%, Omega-3-Fettsäuren 0,5%, Omega-6-Fettsäuren 2% Zusammensetzung Geflügeltrockenfleisch (28%), Kartoffelmehl, frisches Geflügelfleisch (14% u.a. 4% Hühnerfleisch), Reis (14%), Grieben, Geflügelfett (4,1%), Rinderprotein (4%), Pulvercellulose (2,5%), Rübentrockenschnitzel (2,5%), Geflügelleberhydrolysat (1,1%) Bierhefe (1%), Leinsaat (0,95%), Lachsöl (0,5%), Kaliumchlorid (0,45%),  Chicorée (0,19%, Inulin: 0,1%), Yucca schidigera (0,1%), Granatapfel (0,04%), Traubenkernextrakt (0,01%), Sonnenblumenöl (0,01%), Oregano (0,008%), Petersilie (0,008%), Majoran (0,008%), Salbei (0,008%), Thymian (0,008%) Zusatzstoffe pro kg Ernährungsphysiologische Zusatzstoffe: Vitamin A 17000 IE, Vitamin D3 1500IE, Taurin 1250mg, Kupfer (Kupfersulfat, Pentahydrat) 10mg, Jod (Calciumiodat, wasserfrei) 2mg, Mangan (Mangan-(II)-oxid) 40mg, Selen (Selenmethionin) 0,2mg, Zink (Zinkoxid) 40mg; Technologische Zusatzstoffe: Antioxidationsmittel",
  "instock": true,
  "retail_limit": "10x"
},
{
  "_id": {
    "$oid": "66bef411a9267700a3bd01cb"
  },
  "unique_id": 1243357,
  "competitor_name": "fressnapf",
  "product_name": "PREMIERE Meati Sensitive Huhn pur 6x400 g",
  "brand": "PREMIERE",
  "regular_price": 14.34,
  "selling_price": 14.34,
  "price_per_unit": "€5.98/kg",
  "currency": "EUR",
  "breadcrumb": "Heimat > Hund > Hundefutter > Hundenassfutter > PREMIERE Meati Sensitive Huhn pur 6x400 g",
  "pdp_url": "https://www.fressnapf.at/p/premiere-meati-sensitive-huhn-pur-6x400-g-1243357/",
  "variants": "{'variant': ['Lamm pur', 'Rind & Kartoffel', 'Pferd pur', 'Rind pur', 'Pferd & Kartoffeln', 'Huhn & Kartoffel', 'Lamm & Kartoffel', 'Ente pur']}",
  "product_description": "PREMIERE\nArt.Nr.: 1243357\nPREMIERE Meati Sensitive - für ernährungssensible Hunde sowie bei Futtermittelunverträglichkeiten\nBesonders abgestimmtes Nassfutter, das sich durch folgende Vorteile auszeichnet:\nNur ein ausgewähltes Protein in der Rezeptur\nDie\nPur-Sorten\nohne pflanzliche Kohlenhydrate eignen sich besonders für Hunde, die auf Reis, Getreide oder Kartoffeln reagieren\nFür ernährungssensible Hunde geeignet\nHergestellt in Deutschland\nDie getreide- und glutenfreie Rezeptur trägt zur Schonung des Magen-Darm-Trakts und zu einer optimalen Verdauung bei und ist ideal bei Futtermittelunverträglichkeiten.\n*Schmeckt nicht? Mit unserer\nQualitätsgarantie\nbekommst du dein Geld zurück und suchst dir einfach ein anderes Futter aus.\nAlleinfuttermittel für ausgewachsene, ernährungssensible Hunde, weitere Informationen erhalten Sie hier: info@fressnapf.com\nFütterungsempfehlung\nGewicht des Tieres\nFuttermenge pro Tag\n5 kg\n280 g\n7 kg\n360 g\n10 kg\n470 g\n15 kg\n640 g\n20 kg\n790 g\nInhaltsstoffe\nAnalytische Bestandteile\nProtein 10,5%, Fettgehalt 5,1%, Rohasche 2,3%, Rohfaser 0,4%, Feuchtigkeit 80%, Calcium 0,30%, Phosphor 0,25%..\nZusammensetzung\n65% Huhn (Herzen, 15% Muskelfleisch, Lebern, Mägen, Hälse, Fett), 1% Mineralstoffe, 0,5% Leinöl\nFeuchtegehalt\n80%\nZusatzstoffe pro kg\nErnährungsphysiologische Zusatzstoffe/kg: Vitamin D3 200 IE, Kupfer (Kupfer(II)-sulfat, Pentahydrat) 1mg, Jod (Kalziumjodat, wasserfrei) 0,75mg, Mangan (Mangan(II)-sulfat, Monohydrat) 1,4mg, Zink (Zinksulfat, Monohydrat) 25mg\nVersandinformationen\nLieferungen erfolgen ab einem Mindestbestellwert von € 19,00 inkl. Mehrwertsteuer nach Abzug von Rabatten.\nWelche Versandkosten fallen für meine Bestellung an?\nWir berechnen € 2,99 bis zu einem Bestellwert von 29,00 €  – unabhängig von der Anzahl der Artikel und der Versandart.\nLieferungen ab 29,00 € werden mit 0,99 € Versandkosten pro Bestellung berechnet. Bei Bestellungen die ein Gesamtgewicht von 31 kg überschreiten, werden je nach Gewicht zwei oder mehrere Pakete versendet (Maximalgewicht pro Paket 31 kg). Für den erhöhten Versandaufwand berechnen wir einmalig zusätzliche Versandkosten in Höhe von 2,99 € pro Bestellung.\nLieferungen sind grundsätzlich nur innerhalb Österreichs möglich.\nDie Lieferzeit beträgt 1-3 Werktage bei Bestellungen bis 16 Uhr.\nKundenbewertungen und -rezensionen verstehen\nProduktbewertungen\nWie funktionieren Bewertungen in der Fressnapf-Gruppe (einschließlich Maxi Zoo)?\nKundenmeinungen in Form von Produkt- und Sternebewertungen sind dienlich für alle Kunden. Sie ermöglichen mehr über das Produkt zu erfahren und helfen bei Kaufentscheidung. Jeder Kunde, der ein Produkt Online oder im Markt erworben hat, kann eine Bewertung abgeben. Wir beziehen zudem Bewertungen aus Dritt-Quellen, z.B. von Hersteller-Seiten. Die Bewertungsherkunft wird an den jeweiligen Rezension ausgewiesen. Für Fressnapf ist das Meinungsbild seiner Kunden wichtig, um Schwachstellen zu analysieren und die Produktqualität zu verbessern. Alle Bewertungen werden durch unseren Dienstleister Bazaarvoice auf Vertrauenswürdigkeit geprüft. Bewertungsinhalte, die gegen die Nutzungsbedingungen der Fressnapf-Gruppe verstoßen, werden abgelehnt. Sonst erfolgt die Veröffentlichung von positiven wie auch negativen Produktbewertungen.\nHier mehr Informationen rund um Produktbewertungen\n.\nWeitere Informationen zur Verarbeitung Ihrer personenbezogenen Daten entnehmen Sie bitte unseren\nDatenschutzhinweisen\n.",
  "rating": 4.32,
  "review": 314,
  "ingredients": "Analytische Bestandteile Protein 10,5%, Fettgehalt 5,1%, Rohasche 2,3%, Rohfaser 0,4%, Feuchtigkeit 80%, Calcium 0,30%, Phosphor 0,25%.. Zusammensetzung 65% Huhn (Herzen, 15% Muskelfleisch, Lebern, Mägen, Hälse, Fett), 1% Mineralstoffe, 0,5% Leinöl Feuchtegehalt 80% Zusatzstoffe pro kg Ernährungsphysiologische Zusatzstoffe/kg: Vitamin D3 200 IE, Kupfer (Kupfer(II)-sulfat, Pentahydrat) 1mg, Jod (Kalziumjodat, wasserfrei) 0,75mg, Mangan (Mangan(II)-sulfat, Monohydrat) 1,4mg, Zink (Zinksulfat, Monohydrat) 25mg",
  "instock": true,
  "retail_limit": "10x"
},
{
  "_id": {
    "$oid": "66bef411a9267700a3bd01cc"
  },
  "unique_id": 1243379,
  "competitor_name": "fressnapf",
  "product_name": "SELECT GOLD Sensitive Adult 12x100g Rind mit Kartoffel",
  "brand": "SELECT GOLD",
  "regular_price": 17.88,
  "selling_price": 17.88,
  "price_per_unit": "€14.90/kg",
  "currency": "EUR",
  "breadcrumb": "Heimat > Hund > Hundefutter > Hundenassfutter > SELECT GOLD Sensitive Adult 12x100g Rind mit Kartoffel",
  "pdp_url": "https://www.fressnapf.at/p/select-gold-sensitive-adult-12x100g-rind-mit-kartoffel-1243379/",
  "product_description": "SELECT GOLD\nArt.Nr.: 1243379\nSELECT GOLD Sensitive Adult enthält gut bekömmliche Zutaten und eignet sich daher besonders für ernährungssensible Hunde sowie bei Futtermittelunverträglichkeiten.\nSELECT GOLD Sensitive Adult  ist eine speziell entwickelte, ausgewogene Premium-Nassnahrung.\nDie hochwertige Rezeptur zeichnet sich durch wenige gut verträgliche Zutaten und nur 1 ausgewählten tierischen Proteinquelle aus.\nBei der Entwicklung dieser Premium-Rezeptur wurden die ernährungsphysiologischen Anforderungen von ausgewachsenen Hunden gezielt berücksichtigt.\nDie Vorteile im Überblick:\nideal für ernährungssensible Hunde\nExtra für kleine Hunde: Angepasster Energiegehalt\nMit ausgewählten Proteinquellen für ernährungssensible Hunde\nGetreidefreie Rezeptur (Sorten mit Kartoffel) oder weizenfreie Rezeptur (Sorten mit Reis)\nPrebiotisch wirkende Fructo-Oligosaccharide (FOS) fördern den Aufbau und Erhalt einer stabilen Darmflora. Eine optimale Verdauung kann somit unterstützt werden.\nOhne Verwendung von Konservierungsmitteln, Farb- und Geschmacksstoffen.\nOhne Zusatz von Zucker und Soja\nMöchtest du mehr über die Produkte von SELECT GOLD für Hunde erfahren? Tauche\nhier\nin die Welt der Produktvielfalt von SELECT GOLD ein!-\nAlleinfuttermittel für ausgewachsene Hunde, weitere Informationen erhalten Sie hier: info@fressnapf.com\nMehr Produktinfos\nInverkehrbringer\nMultiFit Tiernahrungs GmbH, Westpreußenstr. 32-38, 47809 Krefeld",
  "rating": 4.4,
  "review": 58,
  "distributor_address": "MultiFit Tiernahrungs GmbH, Westpreußenstr. 32-38, 47809 Krefeld",
  "ingredients": "Analytische Bestandteile Protein 10,8%, Fettgehalt 7,9%, Rohasche 2,2%, Rohfaser 0,5%,  Calcium 0,2%, Phosphor 0,15%. Zusammensetzung Rind /aus Herzen, Fleisch, Lungen, Lebern) 68%, Kartoffeln 4%)  Mineralstoffe 1%, Sonnenblumenöl 0,2%, Fructo-Oligosaccharide 0,2%,  Rapsöl 0,1% Feuchtegehalt 75% Zusatzstoffe pro kg Vitamin D3 200 IE, 3b202 (Jod) 0,75mg, 3b503  (Mangan) 1,4mg, 3b605  (Zink) 25mg, 3b880 (Bioxin) 300μg",
  "instock": true,
  "retail_limit": "10x"
},
{
  "_id": {
    "$oid": "66bef411a9267700a3bd01cd"
  },
  "unique_id": 1243820,
  "competitor_name": "fressnapf",
  "product_name": "MultiFit Mellos 3x1.5kg Geflügel und Karotten",
  "brand": "MultiFit",
  "regular_price": 14.97,
  "selling_price": 14.97,
  "price_per_unit": "€3.33/kg",
  "currency": "EUR",
  "breadcrumb": "Heimat > Hund > Hundefutter > Hundetrockenfutter > MultiFit Mellos 3x1,5kg Geflügel und Karotten",
  "pdp_url": "https://www.fressnapf.at/p/multifit-mellos-3x15kg-gefluegel-und-karotten-1243820/",
  "product_description": "MultiFit\nArt.Nr.: 1243820\nDie kleinen, aromatischen Kroketten haben einen erhöhten Feuchtigkeitsgehalt für eine weiche Struktur und ein angenehmes Kaugefühl.\nMultiFit mellos ist eine ausgewogene und schmackhafte Komplettmahlzeit ohne Zusatz von künstlichen Aromastoffen und Geschmacksverstärkern.\nEin angepasster Gehalt an Vitamin D3 sowie Calcium und Phosphor im richtigen Verhältnis können die Vitalität Ihres Hundes fördern und stabile Knochen und gesunde Zähne unterstützen.\nAlleinfuttermittel für ausgewachsene Hunde., weitere Informationen finden Sie  hier:\ninfo@fressnapf.com\n.\nInverkehrbringer\nMultiFit Tiernahrungs GmbH, Westpreußenstr. 32-38, 47809 Krefeld",
  "rating": 4.57,
  "review": 42,
  "distributor_address": "MultiFit Tiernahrungs GmbH, Westpreußenstr. 32-38, 47809 Krefeld",
  "ingredients": "Analytische Bestandteile Protein 20%, Fettgehalt 12%, Rohasche 7,1%, Rohfaser 2,5%, Calcium 1,1%, Phosphor 0,9%. Zusammensetzung Getreide,Fleisch und tierische Nebenerzeugnisse (u. a. 14% Geflügelprotein, 4% frisches Geflügelfleisch), pflanzliche Nebenerzeugnisse, Gemüse (4% Karotten, 4% Spinat), Öle und Fette, Mineralstoffe. Zusatzstoffe pro kg Ernährungsphysiologische Zusatzstoffe: Vitamin A 10000 IE, Vitamin D3 1000 IE, Kupfer (Kupfer(II)-sulfat, Pentahydrat) 9mg, Jod (Kalziumjodat, wasserfrei) 1,7mg, Selen (Natriumselenit) 0,17mg, Zink (Zinkoxid) 60mg. Technologische Zusatzstoffe: Konservierungsmittel.",
  "instock": true,
  "retail_limit": "10x"
},
{
  "_id": {
    "$oid": "66bef411a9267700a3bd01ce"
  },
  "unique_id": 1093767006,
  "competitor_name": "fressnapf",
  "product_name": "PREMIERE Adult Lachs 4 kg",
  "brand": "PREMIERE",
  "regular_price": 24.49,
  "selling_price": 24.49,
  "price_per_unit": "€6.12/kg",
  "currency": "EUR",
  "breadcrumb": "Heimat > Katze > Katzenfutter > Trockenfutter > PREMIERE Adult Lachs 4 kg",
  "pdp_url": "https://www.fressnapf.at/p/premiere-adult-lachs-4-kg-1093767006/",
  "variants": "{'variant': ['Geflügel']}",
  "product_description": "PREMIERE\nArt.Nr.: 1093767006\nPREMIERE Adult mit Geflügel, Rind oder Lachs, erlesenen Kräutern und 14% Frischfleisch ist schmackhaft und speziell auf den Nährstoffbedarf ausgewachsener Katzen abgestimmt.\nOptimale Ernährung Ihrer Katze\nEine abgestimmte Vitamin- und Mineralstoffversorgung und das ausgewogene Protein-/ Fettverhältnis sorgen für eine optimale Ernährung. Pflanzenfasern und Bierhefe können die Darmflora unterstützen. Die Zusammensetzung der Rezeptur kann außerdem die Funktion der Harnwege unterstützen. Hochwertiges Lachsöl und Leinsaat liefern wichtige Omega-3- und Omega-6-Fettsäuren, die ein glänzendes Fell und schöne Haut unterstützen können.PREMIERE Adult mit Geflügel oder Lachs enthält einen extra hohen Anteil an Fleisch und tierischen Bestandteilen für besondere Schmackhaftigkeit!\nDie Vorteile von PREMIERE Adult im Überblick:\nHoher Anteil an Fleisch und tierischen Proteinen\nMit wertvollem Taurin\nDie enthaltenen Pflanzenfasern und Bierhefe können die Verdauung unterstützen\nMit Leinsaat und hochwertigem Lachsöl zur Unterstützung schöner Haut und glänzendem Fell\nAbgestimmte Vitamin- und Mineralstoffmischung für eine optimal abgestimmte Ernährung ausgewachsener Katzen\nOhne Zusatz von künstlichen Farbstoffen, Konservierungsmitteln, Soja und Zucker\nBesonders schmackhaft\n*Schmeckt nicht? Mit unserer\nQualitätsgarantie\nbekommst du dein Geld zurück und suchst dir einfach ein anderes Futter aus.\nAlleinfuttermittel für ausgewachsene Katzen. Weitere Informationen erhalten Sie hier:\ninfo@fressnapf.com\nInverkehrbringer\nMultiFit Tiernahrungs GmbH, Westpreußenstr. 32-38, 47809 Krefeld\nFütterungsempfehlung\nPREMIERE Adult ist ein Alleinfütterungsmittel (kein Zufüttern nötig). Stellen Sie Ihrer Katze immer frisches Trinkwasser bereit. Achten Sie bei der Nahrungsumstellung darauf, das bisherige Futter allmählich durch PREMIERE Adult zu ersetzen (über ca. eine Woche). So sorgen Sie für optimale Verträglichkeit und Akzeptanz auch während der Umstellungsphase.\nAngaben sind Richtwerte. Der tatsächliche Bedarf richtet sich nach Rasse, Alter und Aktivität.\nGewicht des Tieres\nFuttermenge pro Tag\n2 kg\n35 g\n3 kg\n50 g\n4 kg\n60 g\n5 kg\n70 g\n6 kg\n75 g\n7 kg\n85 g\nAngaben sind Richtwerte.\nInhaltsstoffe\nAnalytische Bestandteile\nProtein 34%, Fettgehalt 17%, Rohasche 7,5%, Rohfaser 4%, Calcium 2%, Phosphor 1,2%, Omega-3-Fettsäuren 0,8%, Omega- 6-Fettsäuren 2,8%.\nZusammensetzung\nGetrocknetes Geflügelprotein (25,2%), Kartoffelpülpe (getrocknet), frisches Geflügelfleisch (14%, u. a. 4% Hühnerfleisch), Reis (8,7%), Reismehl (8,4%), Lachsmehl (8,4%), Geflügelfett, Grieben (gemahlen), Leinsaat (1,3%), hydrolysierte Tierproteine (Leber, Herz) (1,1%), Bierhefe (0,9%), Zichorienpülpe (0,19%, getrocknet; Inulin: 0,1%), Sonnenblumenöl (0,19%), Lachsöl (0,19%), Granatapfel (0,04%), Oregano (0,008%), Petersilie (0,008%), Majoran (0,008%), Salbei (0,008%), Thymian (0,008%).\nZusatzstoffe pro kg\nErnährungsphysiologische Zusatzstoffe: Vitamin A 25000 IE, Vitamin D3 1600 IE, Vitamin E (all-rac-alpha-Tocopherylacetat) 330mg, Taurin 1000mg, Kupfer (Kupfer(II)-sulfat, Pentahydrat) 10mg, Eisen (Eisen(II)-sulfat, Monohydrat) 84mg, Jod (Kalziumjodat, wasserfrei) 2,2mg, Mangan (Mangan(II)-sulfat, Monohydrat) 10mg, Selen (Selenmethionin aus Saccharomyces cerevisiae CNCM I-3399) 0,07mg, Zink (Zinksulfat, Monohydrat) 143mg. Zootechnische Zusatzstoffe: Ammoniumchlorid 4200mg.\nVersandinformationen\nLieferungen erfolgen ab einem Mindestbestellwert von € 19,00 inkl. Mehrwertsteuer nach Abzug von Rabatten.\nWelche Versandkosten fallen für meine Bestellung an?\nWir berechnen € 2,99 bis zu einem Bestellwert von 29,00 €  – unabhängig von der Anzahl der Artikel und der Versandart.\nLieferungen ab 29,00 € werden mit 0,99 € Versandkosten pro Bestellung berechnet. Bei Bestellungen die ein Gesamtgewicht von 31 kg überschreiten, werden je nach Gewicht zwei oder mehrere Pakete versendet (Maximalgewicht pro Paket 31 kg). Für den erhöhten Versandaufwand berechnen wir einmalig zusätzliche Versandkosten in Höhe von 2,99 € pro Bestellung.\nLieferungen sind grundsätzlich nur innerhalb Österreichs möglich.\nDie Lieferzeit beträgt 1-3 Werktage bei Bestellungen bis 16 Uhr.\nKundenbewertungen und -rezensionen verstehen\nProduktbewertungen\nWie funktionieren Bewertungen in der Fressnapf-Gruppe (einschließlich Maxi Zoo)?\nKundenmeinungen in Form von Produkt- und Sternebewertungen sind dienlich für alle Kunden. Sie ermöglichen mehr über das Produkt zu erfahren und helfen bei Kaufentscheidung. Jeder Kunde, der ein Produkt Online oder im Markt erworben hat, kann eine Bewertung abgeben. Wir beziehen zudem Bewertungen aus Dritt-Quellen, z.B. von Hersteller-Seiten. Die Bewertungsherkunft wird an den jeweiligen Rezension ausgewiesen. Für Fressnapf ist das Meinungsbild seiner Kunden wichtig, um Schwachstellen zu analysieren und die Produktqualität zu verbessern. Alle Bewertungen werden durch unseren Dienstleister Bazaarvoice auf Vertrauenswürdigkeit geprüft. Bewertungsinhalte, die gegen die Nutzungsbedingungen der Fressnapf-Gruppe verstoßen, werden abgelehnt. Sonst erfolgt die Veröffentlichung von positiven wie auch negativen Produktbewertungen.\nHier mehr Informationen rund um Produktbewertungen\n.\nWeitere Informationen zur Verarbeitung Ihrer personenbezogenen Daten entnehmen Sie bitte unseren\nDatenschutzhinweisen\n.",
  "rating": 4.6,
  "review": 169,
  "distributor_address": "MultiFit Tiernahrungs GmbH, Westpreußenstr. 32-38, 47809 Krefeld",
  "ingredients": "Analytische Bestandteile Protein 34%, Fettgehalt 17%, Rohasche 7,5%, Rohfaser 4%, Calcium 2%, Phosphor 1,2%, Omega-3-Fettsäuren 0,8%, Omega- 6-Fettsäuren 2,8%. Zusammensetzung Getrocknetes Geflügelprotein (25,2%), Kartoffelpülpe (getrocknet), frisches Geflügelfleisch (14%, u. a. 4% Hühnerfleisch), Reis (8,7%), Reismehl (8,4%), Lachsmehl (8,4%), Geflügelfett, Grieben (gemahlen), Leinsaat (1,3%), hydrolysierte Tierproteine (Leber, Herz) (1,1%), Bierhefe (0,9%), Zichorienpülpe (0,19%, getrocknet; Inulin: 0,1%), Sonnenblumenöl (0,19%), Lachsöl (0,19%), Granatapfel (0,04%), Oregano (0,008%), Petersilie (0,008%), Majoran (0,008%), Salbei (0,008%), Thymian (0,008%). Zusatzstoffe pro kg Ernährungsphysiologische Zusatzstoffe: Vitamin A 25000 IE, Vitamin D3 1600 IE, Vitamin E (all-rac-alpha-Tocopherylacetat) 330mg, Taurin 1000mg, Kupfer (Kupfer(II)-sulfat, Pentahydrat) 10mg, Eisen (Eisen(II)-sulfat, Monohydrat) 84mg, Jod (Kalziumjodat, wasserfrei) 2,2mg, Mangan (Mangan(II)-sulfat, Monohydrat) 10mg, Selen (Selenmethionin aus Saccharomyces cerevisiae CNCM I-3399) 0,07mg, Zink (Zinksulfat, Monohydrat) 143mg. Zootechnische Zusatzstoffe: Ammoniumchlorid 4200mg.",
  "instock": true,
  "retail_limit": "10x"
},
{
  "_id": {
    "$oid": "66bef411a9267700a3bd01cf"
  },
  "unique_id": 1002958003,
  "competitor_name": "fressnapf",
  "product_name": "PREMIERE Adult Lachs 2 kg",
  "brand": "PREMIERE",
  "regular_price": 15.99,
  "selling_price": 15.99,
  "price_per_unit": "€8.00/kg",
  "currency": "EUR",
  "breadcrumb": "Heimat > Katze > Katzenfutter > Trockenfutter > PREMIERE Adult Lachs 2 kg",
  "pdp_url": "https://www.fressnapf.at/p/premiere-adult-lachs-2-kg-1002958003/",
  "variants": "{'variant': ['Geflügel']}",
  "product_description": "PREMIERE\nArt.Nr.: 1002958003\nPREMIERE Adult mit Geflügel, Rind oder Lachs, erlesenen Kräutern und 14% Frischfleisch ist schmackhaft und speziell auf den Nährstoffbedarf ausgewachsener Katzen abgestimmt.\nOptimale Ernährung Ihrer Katze\nEine abgestimmte Vitamin- und Mineralstoffversorgung und das ausgewogene Protein-/ Fettverhältnis sorgen für eine optimale Ernährung. Pflanzenfasern und Bierhefe können die Darmflora unterstützen. Die Zusammensetzung der Rezeptur kann außerdem die Funktion der Harnwege unterstützen. Hochwertiges Lachsöl und Leinsaat liefern wichtige Omega-3- und Omega-6-Fettsäuren, die ein glänzendes Fell und schöne Haut unterstützen können.PREMIERE Adult mit Geflügel oder Lachs enthält einen extra hohen Anteil an Fleisch und tierischen Bestandteilen für besondere Schmackhaftigkeit!\nDie Vorteile von PREMIERE Adult im Überblick:\nHoher Anteil an Fleisch und tierischen Proteinen\nMit wertvollem Taurin\nDie enthaltenen Pflanzenfasern und Bierhefe können die Verdauung unterstützen\nMit Leinsaat und hochwertigem Lachsöl zur Unterstützung schöner Haut und glänzendem Fell\nAbgestimmte Vitamin- und Mineralstoffmischung für eine optimal abgestimmte Ernährung ausgewachsener Katzen\nOhne Zusatz von künstlichen Farbstoffen, Konservierungsmitteln, Soja und Zucker\nBesonders schmackhaft\n*Schmeckt nicht? Mit unserer\nQualitätsgarantie\nbekommst du dein Geld zurück und suchst dir einfach ein anderes Futter aus.\nAlleinfuttermittel für ausgewachsene Katzen. Weitere Informationen erhalten Sie hier:\ninfo@fressnapf.com\nInverkehrbringer\nMultiFit Tiernahrungs GmbH, Westpreußenstr. 32-38, 47809 Krefeld\nFütterungsempfehlung\nPREMIERE Adult ist ein Alleinfütterungsmittel (kein Zufüttern nötig). Stellen Sie Ihrer Katze immer frisches Trinkwasser bereit. Achten Sie bei der Nahrungsumstellung darauf, das bisherige Futter allmählich durch PREMIERE Adult zu ersetzen (über ca. eine Woche). So sorgen Sie für optimale Verträglichkeit und Akzeptanz auch während der Umstellungsphase.\nGewicht des Tieres\nFuttermenge pro Tag\n2 kg\n35 g\n3 kg\n50 g\n4 kg\n60 g\n5 kg\n70 g\n6 kg\n75 g\n7 kg\n85 g\nAngaben sind Richtwerte. Der tatsächliche Bedarf richtet sich nach Rasse, Alter und Aktivität.\nInhaltsstoffe\nAnalytische Bestandteile\nProtein 34%, Fettgehalt 17%, Rohasche 7,5%, Rohfaser 4%, Calcium 2%, Phosphor 1,2%, Omega-3-Fettsäuren 0,8%, Omega- 6-Fettsäuren 2,8%.\nZusammensetzung\nGetrocknetes Geflügelprotein (25,2%), Kartoffelpülpe (getrocknet), frisches Geflügelfleisch (14%, u. a. 4% Hühnerfleisch), Reis (8,7%), Reismehl (8,4%), Lachsmehl (8,4%), Geflügelfett, Grieben (gemahlen), Leinsaat (1,3%), hydrolysierte Tierproteine (Leber, Herz) (1,1%), Bierhefe (0,9%), Zichorienpülpe (0,19%, getrocknet; Inulin: 0,1%), Sonnenblumenöl (0,19%), Lachsöl (0,19%), Granatapfel (0,04%), Oregano (0,008%), Petersilie (0,008%), Majoran (0,008%), Salbei (0,008%), Thymian (0,008%).\nZusatzstoffe pro kg\nErnährungsphysiologische Zusatzstoffe: Vitamin A 25000 IE, Vitamin D3 1600 IE, Vitamin E (all-rac-alpha-Tocopherylacetat) 330mg, Taurin 1000mg, Kupfer (Kupfer(II)-sulfat, Pentahydrat) 10mg, Eisen (Eisen(II)-sulfat, Monohydrat) 84mg, Jod (Kalziumjodat, wasserfrei) 2,2mg, Mangan (Mangan(II)-sulfat, Monohydrat) 10mg, Selen (Selenmethionin aus Saccharomyces cerevisiae CNCM I-3399) 0,07mg, Zink (Zinksulfat, Monohydrat) 143mg. Zootechnische Zusatzstoffe: Ammoniumchlorid 4200mg.\nVersandinformationen\nLieferungen erfolgen ab einem Mindestbestellwert von € 19,00 inkl. Mehrwertsteuer nach Abzug von Rabatten.\nWelche Versandkosten fallen für meine Bestellung an?\nWir berechnen € 2,99 bis zu einem Bestellwert von 29,00 €  – unabhängig von der Anzahl der Artikel und der Versandart.\nLieferungen ab 29,00 € werden mit 0,99 € Versandkosten pro Bestellung berechnet. Bei Bestellungen die ein Gesamtgewicht von 31 kg überschreiten, werden je nach Gewicht zwei oder mehrere Pakete versendet (Maximalgewicht pro Paket 31 kg). Für den erhöhten Versandaufwand berechnen wir einmalig zusätzliche Versandkosten in Höhe von 2,99 € pro Bestellung.\nLieferungen sind grundsätzlich nur innerhalb Österreichs möglich.\nDie Lieferzeit beträgt 1-3 Werktage bei Bestellungen bis 16 Uhr.\nKundenbewertungen und -rezensionen verstehen\nProduktbewertungen\nWie funktionieren Bewertungen in der Fressnapf-Gruppe (einschließlich Maxi Zoo)?\nKundenmeinungen in Form von Produkt- und Sternebewertungen sind dienlich für alle Kunden. Sie ermöglichen mehr über das Produkt zu erfahren und helfen bei Kaufentscheidung. Jeder Kunde, der ein Produkt Online oder im Markt erworben hat, kann eine Bewertung abgeben. Wir beziehen zudem Bewertungen aus Dritt-Quellen, z.B. von Hersteller-Seiten. Die Bewertungsherkunft wird an den jeweiligen Rezension ausgewiesen. Für Fressnapf ist das Meinungsbild seiner Kunden wichtig, um Schwachstellen zu analysieren und die Produktqualität zu verbessern. Alle Bewertungen werden durch unseren Dienstleister Bazaarvoice auf Vertrauenswürdigkeit geprüft. Bewertungsinhalte, die gegen die Nutzungsbedingungen der Fressnapf-Gruppe verstoßen, werden abgelehnt. Sonst erfolgt die Veröffentlichung von positiven wie auch negativen Produktbewertungen.\nHier mehr Informationen rund um Produktbewertungen\n.\nWeitere Informationen zur Verarbeitung Ihrer personenbezogenen Daten entnehmen Sie bitte unseren\nDatenschutzhinweisen\n.",
  "rating": 4.6,
  "review": 169,
  "distributor_address": "MultiFit Tiernahrungs GmbH, Westpreußenstr. 32-38, 47809 Krefeld",
  "ingredients": "Analytische Bestandteile Protein 34%, Fettgehalt 17%, Rohasche 7,5%, Rohfaser 4%, Calcium 2%, Phosphor 1,2%, Omega-3-Fettsäuren 0,8%, Omega- 6-Fettsäuren 2,8%. Zusammensetzung Getrocknetes Geflügelprotein (25,2%), Kartoffelpülpe (getrocknet), frisches Geflügelfleisch (14%, u. a. 4% Hühnerfleisch), Reis (8,7%), Reismehl (8,4%), Lachsmehl (8,4%), Geflügelfett, Grieben (gemahlen), Leinsaat (1,3%), hydrolysierte Tierproteine (Leber, Herz) (1,1%), Bierhefe (0,9%), Zichorienpülpe (0,19%, getrocknet; Inulin: 0,1%), Sonnenblumenöl (0,19%), Lachsöl (0,19%), Granatapfel (0,04%), Oregano (0,008%), Petersilie (0,008%), Majoran (0,008%), Salbei (0,008%), Thymian (0,008%). Zusatzstoffe pro kg Ernährungsphysiologische Zusatzstoffe: Vitamin A 25000 IE, Vitamin D3 1600 IE, Vitamin E (all-rac-alpha-Tocopherylacetat) 330mg, Taurin 1000mg, Kupfer (Kupfer(II)-sulfat, Pentahydrat) 10mg, Eisen (Eisen(II)-sulfat, Monohydrat) 84mg, Jod (Kalziumjodat, wasserfrei) 2,2mg, Mangan (Mangan(II)-sulfat, Monohydrat) 10mg, Selen (Selenmethionin aus Saccharomyces cerevisiae CNCM I-3399) 0,07mg, Zink (Zinksulfat, Monohydrat) 143mg. Zootechnische Zusatzstoffe: Ammoniumchlorid 4200mg.",
  "instock": true,
  "retail_limit": "10x"
},
{
  "_id": {
    "$oid": "66bef411a9267700a3bd01d0"
  },
  "unique_id": 1002957005,
  "competitor_name": "fressnapf",
  "product_name": "PREMIERE Adult Lachs 300 g",
  "brand": "PREMIERE",
  "regular_price": 2.99,
  "selling_price": 2.99,
  "price_per_unit": "€9.97/kg",
  "currency": "EUR",
  "breadcrumb": "Heimat > Katze > Katzenfutter > Trockenfutter > PREMIERE Adult Lachs 300 g",
  "pdp_url": "https://www.fressnapf.at/p/premiere-adult-lachs-300-g-1002957005/",
  "variants": "{'variant': ['Geflügel']}",
  "product_description": "PREMIERE\nArt.Nr.: 1002957005\nPREMIERE Adult mit Geflügel, Rind oder Lachs, erlesenen Kräutern und 14% Frischfleisch ist schmackhaft und speziell auf den Nährstoffbedarf ausgewachsener Katzen abgestimmt.\nOptimale Ernährung Ihrer Katze\nEine abgestimmte Vitamin- und Mineralstoffversorgung und das ausgewogene Protein-/ Fettverhältnis sorgen für eine optimale Ernährung. Pflanzenfasern und Bierhefe können die Darmflora unterstützen. Die Zusammensetzung der Rezeptur kann außerdem die Funktion der Harnwege unterstützen. Hochwertiges Lachsöl und Leinsaat liefern wichtige Omega-3- und Omega-6-Fettsäuren, die ein glänzendes Fell und schöne Haut unterstützen können.PREMIERE Adult mit Geflügel oder Lachs enthält einen extra hohen Anteil an Fleisch und tierischen Bestandteilen für besondere Schmackhaftigkeit!\nDie Vorteile von PREMIERE Adult im Überblick:\nHoher Anteil an Fleisch und tierischen Proteinen\nMit wertvollem Taurin\nDie enthaltenen Pflanzenfasern und Bierhefe können die Verdauung unterstützen\nMit Leinsaat und hochwertigem Lachsöl zur Unterstützung schöner Haut und glänzendem Fell\nAbgestimmte Vitamin- und Mineralstoffmischung für eine optimal abgestimmte Ernährung ausgewachsener Katzen\nOhne Zusatz von künstlichen Farbstoffen, Konservierungsmitteln, Soja und Zucker\nBesonders schmackhaft\n*Schmeckt nicht? Mit unserer\nQualitätsgarantie\nbekommst du dein Geld zurück und suchst dir einfach ein anderes Futter aus.\nAlleinfuttermittel für ausgewachsene Katzen. Weitere Informationen erhalten Sie hier:\ninfo@fressnapf.com\nInverkehrbringer\nMultiFit Tiernahrungs GmbH, Westpreußenstr. 32-38, 47809 Krefeld\nFütterungsempfehlung\nGewicht des Tieres\nFuttermenge pro Tag\n2 kg\n35 g\n3 kg\n50 g\n4 kg\n60 g\n5 kg\n70 g\n6 kg\n75 g\n7 kg\n85 g\nPREMIERE Adult ist ein Alleinfütterungsmittel (kein Zufüttern nötig). Stellen Sie Ihrer Katze immer frisches Trinkwasser bereit. Achten Sie bei der Nahrungsumstellung darauf, das bisherige Futter allmählich durch PREMIERE Adult zu ersetzen (über ca. eine Woche). So sorgen Sie für optimale Verträglichkeit und Akzeptanz auch während der Umstellungsphase.\nInhaltsstoffe\nAnalytische Bestandteile\nProtein 34%, Fettgehalt 17%, Rohasche 7,5%, Rohfaser 4%, Calcium 2%, Phosphor 1,2%, Omega-3-Fettsäuren 0,8%, Omega- 6-Fettsäuren 2,8%.\nZusammensetzung\nGetrocknetes Geflügelprotein (25,2%), Kartoffelpülpe (getrocknet), frisches Geflügelfleisch (14%, u. a. 4% Hühnerfleisch), Reis (8,7%), Reismehl (8,4%), Lachsmehl (8,4%), Geflügelfett, Grieben (gemahlen), Leinsaat (1,3%), hydrolysierte Tierproteine (Leber, Herz) (1,1%), Bierhefe (0,9%), Zichorienpülpe (0,19%, getrocknet; Inulin: 0,1%), Sonnenblumenöl (0,19%), Lachsöl (0,19%), Granatapfel (0,04%), Oregano (0,008%), Petersilie (0,008%), Majoran (0,008%), Salbei (0,008%), Thymian (0,008%).\nZusatzstoffe pro kg\nErnährungsphysiologische Zusatzstoffe: Vitamin A 25000 IE, Vitamin D3 1600 IE, Vitamin E (all-rac-alpha-Tocopherylacetat) 330mg, Taurin 1000mg, Kupfer (Kupfer(II)-sulfat, Pentahydrat) 10mg, Eisen (Eisen(II)-sulfat, Monohydrat) 84mg, Jod (Kalziumjodat, wasserfrei) 2,2mg, Mangan (Mangan(II)-sulfat, Monohydrat) 10mg, Selen (Selenmethionin aus Saccharomyces cerevisiae CNCM I-3399) 0,07mg, Zink (Zinksulfat, Monohydrat) 143mg. Zootechnische Zusatzstoffe: Ammoniumchlorid 4200mg.\nVersandinformationen\nLieferungen erfolgen ab einem Mindestbestellwert von € 19,00 inkl. Mehrwertsteuer nach Abzug von Rabatten.\nWelche Versandkosten fallen für meine Bestellung an?\nWir berechnen € 2,99 bis zu einem Bestellwert von 29,00 €  – unabhängig von der Anzahl der Artikel und der Versandart.\nLieferungen ab 29,00 € werden mit 0,99 € Versandkosten pro Bestellung berechnet. Bei Bestellungen die ein Gesamtgewicht von 31 kg überschreiten, werden je nach Gewicht zwei oder mehrere Pakete versendet (Maximalgewicht pro Paket 31 kg). Für den erhöhten Versandaufwand berechnen wir einmalig zusätzliche Versandkosten in Höhe von 2,99 € pro Bestellung.\nLieferungen sind grundsätzlich nur innerhalb Österreichs möglich.\nDie Lieferzeit beträgt 1-3 Werktage bei Bestellungen bis 16 Uhr.\nKundenbewertungen und -rezensionen verstehen\nProduktbewertungen\nWie funktionieren Bewertungen in der Fressnapf-Gruppe (einschließlich Maxi Zoo)?\nKundenmeinungen in Form von Produkt- und Sternebewertungen sind dienlich für alle Kunden. Sie ermöglichen mehr über das Produkt zu erfahren und helfen bei Kaufentscheidung. Jeder Kunde, der ein Produkt Online oder im Markt erworben hat, kann eine Bewertung abgeben. Wir beziehen zudem Bewertungen aus Dritt-Quellen, z.B. von Hersteller-Seiten. Die Bewertungsherkunft wird an den jeweiligen Rezension ausgewiesen. Für Fressnapf ist das Meinungsbild seiner Kunden wichtig, um Schwachstellen zu analysieren und die Produktqualität zu verbessern. Alle Bewertungen werden durch unseren Dienstleister Bazaarvoice auf Vertrauenswürdigkeit geprüft. Bewertungsinhalte, die gegen die Nutzungsbedingungen der Fressnapf-Gruppe verstoßen, werden abgelehnt. Sonst erfolgt die Veröffentlichung von positiven wie auch negativen Produktbewertungen.\nHier mehr Informationen rund um Produktbewertungen\n.\nWeitere Informationen zur Verarbeitung Ihrer personenbezogenen Daten entnehmen Sie bitte unseren\nDatenschutzhinweisen\n.",
  "rating": 4.6,
  "review": 169,
  "distributor_address": "MultiFit Tiernahrungs GmbH, Westpreußenstr. 32-38, 47809 Krefeld",
  "ingredients": "Analytische Bestandteile Protein 34%, Fettgehalt 17%, Rohasche 7,5%, Rohfaser 4%, Calcium 2%, Phosphor 1,2%, Omega-3-Fettsäuren 0,8%, Omega- 6-Fettsäuren 2,8%. Zusammensetzung Getrocknetes Geflügelprotein (25,2%), Kartoffelpülpe (getrocknet), frisches Geflügelfleisch (14%, u. a. 4% Hühnerfleisch), Reis (8,7%), Reismehl (8,4%), Lachsmehl (8,4%), Geflügelfett, Grieben (gemahlen), Leinsaat (1,3%), hydrolysierte Tierproteine (Leber, Herz) (1,1%), Bierhefe (0,9%), Zichorienpülpe (0,19%, getrocknet; Inulin: 0,1%), Sonnenblumenöl (0,19%), Lachsöl (0,19%), Granatapfel (0,04%), Oregano (0,008%), Petersilie (0,008%), Majoran (0,008%), Salbei (0,008%), Thymian (0,008%). Zusatzstoffe pro kg Ernährungsphysiologische Zusatzstoffe: Vitamin A 25000 IE, Vitamin D3 1600 IE, Vitamin E (all-rac-alpha-Tocopherylacetat) 330mg, Taurin 1000mg, Kupfer (Kupfer(II)-sulfat, Pentahydrat) 10mg, Eisen (Eisen(II)-sulfat, Monohydrat) 84mg, Jod (Kalziumjodat, wasserfrei) 2,2mg, Mangan (Mangan(II)-sulfat, Monohydrat) 10mg, Selen (Selenmethionin aus Saccharomyces cerevisiae CNCM I-3399) 0,07mg, Zink (Zinksulfat, Monohydrat) 143mg. Zootechnische Zusatzstoffe: Ammoniumchlorid 4200mg.",
  "instock": true,
  "retail_limit": "10x"
},
{
  "_id": {
    "$oid": "66bef411a9267700a3bd01d1"
  },
  "unique_id": 1338116,
  "competitor_name": "fressnapf",
  "product_name": "SELECT GOLD Sensitive Adult 12x100g Truthahn mit Topinambur",
  "brand": "SELECT GOLD",
  "regular_price": 17.88,
  "selling_price": 17.88,
  "price_per_unit": "€14.90/kg",
  "currency": "EUR",
  "breadcrumb": "Heimat > Hund > Hundefutter > Hundenassfutter > SELECT GOLD Sensitive Adult 12x100g Truthahn mit Topinambur",
  "pdp_url": "https://www.fressnapf.at/p/select-gold-sensitive-adult-12x100g-truthahn-mit-topinambur-1338116/",
  "product_description": "SELECT GOLD\nArt.Nr.: 1338116\nSELECT GOLD Sensitive Adult enthält gut bekömmliche Zutaten und eignet sich daher besonders für ernährungssensible Hunde sowie bei Futtermittelunverträglichkeiten.\nSELECT GOLD Sensitive Adult  ist eine speziell entwickelte, ausgewogene Premium-Nassnahrung.\nDie hochwertige Rezeptur zeichnet sich durch wenige gut verträgliche Zutaten und nur 1 ausgewählten tierischen Proteinquelle aus.\nBei der Entwicklung dieser Premium-Rezeptur wurden die ernährungsphysiologischen Anforderungen von ausgewachsenen Hunden gezielt berücksichtigt.\nDie Vorteile im Überblick:\nideal für ernährungssensible Hunde\nExtra für kleine Hunde: Angepasster Energiegehalt\nMit ausgewählten Proteinquellen für ernährungssensible Hunde\nGetreidefreie Rezeptur (Sorten mit Kartoffel) oder weizenfreie Rezeptur (Sorten mit Reis)\nPrebiotisch wirkende Fructo-Oligosaccharide (FOS) fördern den Aufbau und Erhalt einer stabilen Darmflora. Eine optimale Verdauung kann somit unterstützt werden.\nOhne Verwendung von Konservierungsmitteln, Farb- und Geschmacksstoffen.\nOhne Zusatz von Zucker und Soja\nMöchtest du mehr über die Produkte von SELECT GOLD für Hunde erfahren? Tauche\nhier\nin die Welt der Produktvielfalt von SELECT GOLD ein!-\nAlleinfuttermittel für ausgewachsene Hunde, weitere Informationen erhalten Sie hier: info@fressnapf.com\nMehr Produktinfos",
  "rating": 4.4,
  "review": 58,
  "ingredients": "Analytische Bestandteile Protein 10,2%, Fettgehalt 5%, Rohasche 2,4%, Rohfaser 0,4%, Calcium 0,21%, Phosphor 0,18%. Zusammensetzung Truthahn (aus Herzen, Mägen, Lebern, Fleisch, Hälsen) 68%, Topinambur 4%, Mineralstoffe 1%, Sonnenblumenöl 0,2%, Fructo-Oligosaccharide 0,2%, Rapsöl 0,1% Feuchtegehalt 80% Zusatzstoffe pro kg Vitamin D3 200 IE, 3b202 Jod 0,75mg,  3b503 Mangan 1,4mg, 3b605 Zink) 25mg, 3b405 Kupfer 0,5mg, 3a880 Biotin 300μg Kann Spuren anderer Zutaten enthalten",
  "instock": true,
  "retail_limit": "10x"
},
{
  "_id": {
    "$oid": "66bef411a9267700a3bd01d2"
  },
  "unique_id": 1243370,
  "competitor_name": "fressnapf",
  "product_name": "PREMIERE Meati Sensitive Lamm & Kartoffel 6x800 g",
  "brand": "PREMIERE",
  "regular_price": 20.34,
  "selling_price": 20.34,
  "price_per_unit": "€4.24/kg",
  "currency": "EUR",
  "breadcrumb": "Heimat > Hund > Hundefutter > Hundenassfutter > PREMIERE Meati Sensitive Lamm & Kartoffel 6x800 g",
  "pdp_url": "https://www.fressnapf.at/p/premiere-meati-sensitive-lamm--kartoffel-6x800-g-1243370/",
  "variants": "{'variant': ['Lamm pur', 'Huhn & Kartoffel', 'Pferd & Kartoffeln', 'Huhn pur', 'Rind pur', 'Ente pur', 'Rind & Kartoffel', 'Pferd pur']}",
  "product_description": "PREMIERE\nArt.Nr.: 1243370\nPREMIERE Meati Sensitive - für ernährungssensible Hunde sowie bei Futtermittelunverträglichkeiten\nBesonders abgestimmtes Nassfutter, das sich durch folgende Vorteile auszeichnet:\nNur ein ausgewähltes Protein in der Rezeptur\nDie\nPur-Sorten\nohne pflanzliche Kohlenhydrate eignen sich besonders für Hunde, die auf Reis, Getreide oder Kartoffeln reagieren\nFür ernährungssensible Hunde geeignet\nHergestellt in Deutschland\nDie getreide- und glutenfreie Rezeptur trägt zur Schonung des Magen-Darm-Trakts und zu einer optimalen Verdauung bei und ist ideal bei Futtermittelunverträglichkeiten.\n*Schmeckt nicht? Mit unserer\nQualitätsgarantie\nbekommst du dein Geld zurück und suchst dir einfach ein anderes Futter aus.\nAlleinfuttermittel für ausgewachsene, ernährungssensible Hunde, weitere Informationen erhalten Sie hier: info@fressnapf.com\nFütterungsempfehlung\nGewicht des Tieres\nFuttermenge pro Tag\n10 kg\n400 g\n15 kg\n540 g\n20 kg\n670 g\n25 kg\n790 g\n30 kg\n910 g\n35 kg\n1020 g\n40 kg\n1130 g\n45 kg\n1240 g\n50 kg\n1340 g\n60 kg\n1553 g\n70 kg\n1720 g\n80 kg\n1900 g\nInhaltsstoffe\nAnalytische Bestandteile\nProtein 9,5%, Fettgehalt 7,1%, Rohasche 2,5%, Rohfaser 0,5%, Feuchtigkeit 76%, Calcium 0,30%, Phosphor 0,25%\nZusammensetzung\n60% Lamm (Herzen, 15% Muskelfleisch, Lebern, Lungen, Pansen), 7% Kartoffel, 1% Mineralstoffe, 0,5% Leinöl\nFeuchtegehalt\n75%\nZusatzstoffe pro kg\nErnährungsphysiologische Zusatzstoffe/kg: Vitamin D3 200 IE, Jod (Kalziumjodat, wasserfrei) 0,75mg, Mangan (Mangan(II)-sulfat, Monohydrat) 1,4mg, Zink (Zinksulfat, Monohydrat) 25mg\nVersandinformationen\nLieferungen erfolgen ab einem Mindestbestellwert von € 19,00 inkl. Mehrwertsteuer nach Abzug von Rabatten.\nWelche Versandkosten fallen für meine Bestellung an?\nWir berechnen € 2,99 bis zu einem Bestellwert von 29,00 €  – unabhängig von der Anzahl der Artikel und der Versandart.\nLieferungen ab 29,00 € werden mit 0,99 € Versandkosten pro Bestellung berechnet. Bei Bestellungen die ein Gesamtgewicht von 31 kg überschreiten, werden je nach Gewicht zwei oder mehrere Pakete versendet (Maximalgewicht pro Paket 31 kg). Für den erhöhten Versandaufwand berechnen wir einmalig zusätzliche Versandkosten in Höhe von 2,99 € pro Bestellung.\nLieferungen sind grundsätzlich nur innerhalb Österreichs möglich.\nDie Lieferzeit beträgt 1-3 Werktage bei Bestellungen bis 16 Uhr.\nKundenbewertungen und -rezensionen verstehen\nProduktbewertungen\nWie funktionieren Bewertungen in der Fressnapf-Gruppe (einschließlich Maxi Zoo)?\nKundenmeinungen in Form von Produkt- und Sternebewertungen sind dienlich für alle Kunden. Sie ermöglichen mehr über das Produkt zu erfahren und helfen bei Kaufentscheidung. Jeder Kunde, der ein Produkt Online oder im Markt erworben hat, kann eine Bewertung abgeben. Wir beziehen zudem Bewertungen aus Dritt-Quellen, z.B. von Hersteller-Seiten. Die Bewertungsherkunft wird an den jeweiligen Rezension ausgewiesen. Für Fressnapf ist das Meinungsbild seiner Kunden wichtig, um Schwachstellen zu analysieren und die Produktqualität zu verbessern. Alle Bewertungen werden durch unseren Dienstleister Bazaarvoice auf Vertrauenswürdigkeit geprüft. Bewertungsinhalte, die gegen die Nutzungsbedingungen der Fressnapf-Gruppe verstoßen, werden abgelehnt. Sonst erfolgt die Veröffentlichung von positiven wie auch negativen Produktbewertungen.\nHier mehr Informationen rund um Produktbewertungen\n.\nWeitere Informationen zur Verarbeitung Ihrer personenbezogenen Daten entnehmen Sie bitte unseren\nDatenschutzhinweisen\n.",
  "rating": 4.28,
  "review": 687,
  "ingredients": "Analytische Bestandteile Protein 9,5%, Fettgehalt 7,1%, Rohasche 2,5%, Rohfaser 0,5%, Feuchtigkeit 76%, Calcium 0,30%, Phosphor 0,25% Zusammensetzung 60% Lamm (Herzen, 15% Muskelfleisch, Lebern, Lungen, Pansen), 7% Kartoffel, 1% Mineralstoffe, 0,5% Leinöl Feuchtegehalt 75% Zusatzstoffe pro kg Ernährungsphysiologische Zusatzstoffe/kg: Vitamin D3 200 IE, Jod (Kalziumjodat, wasserfrei) 0,75mg, Mangan (Mangan(II)-sulfat, Monohydrat) 1,4mg, Zink (Zinksulfat, Monohydrat) 25mg",
  "instock": true,
  "retail_limit": "10x"
},
{
  "_id": {
    "$oid": "66bef411a9267700a3bd01d3"
  },
  "unique_id": 1259952,
  "competitor_name": "fressnapf",
  "product_name": "PREMIERE Adult Lachs 2x10 kg",
  "brand": "PREMIERE",
  "regular_price": 79.99,
  "selling_price": 79.99,
  "price_per_unit": "€4.00/kg",
  "currency": "EUR",
  "breadcrumb": "Heimat > Katze > Katzenfutter > Trockenfutter > PREMIERE Adult Lachs 2x10 kg",
  "pdp_url": "https://www.fressnapf.at/p/premiere-adult-lachs-2x10-kg-1259952/",
  "variants": "{'variant': ['Geflügel']}",
  "product_description": "PREMIERE\nArt.Nr.: 1259952\nPREMIERE Adult mit Geflügel, Rind oder Lachs, erlesenen Kräutern und 14% Frischfleisch ist schmackhaft und speziell auf den Nährstoffbedarf ausgewachsener Katzen abgestimmt.\nOptimale Ernährung Ihrer Katze\nEine abgestimmte Vitamin- und Mineralstoffversorgung und das ausgewogene Protein-/ Fettverhältnis sorgen für eine optimale Ernährung. Pflanzenfasern und Bierhefe können die Darmflora unterstützen. Die Zusammensetzung der Rezeptur kann außerdem die Funktion der Harnwege unterstützen. Hochwertiges Lachsöl und Leinsaat liefern wichtige Omega-3- und Omega-6-Fettsäuren, die ein glänzendes Fell und schöne Haut unterstützen können.PREMIERE Adult mit Geflügel oder Lachs enthält einen extra hohen Anteil an Fleisch und tierischen Bestandteilen für besondere Schmackhaftigkeit!\nDie Vorteile von PREMIERE Adult im Überblick:\nHoher Anteil an Fleisch und tierischen Proteinen\nMit wertvollem Taurin\nDie enthaltenen Pflanzenfasern und Bierhefe können die Verdauung unterstützen\nMit Leinsaat und hochwertigem Lachsöl zur Unterstützung schöner Haut und glänzendem Fell\nAbgestimmte Vitamin- und Mineralstoffmischung für eine optimal abgestimmte Ernährung ausgewachsener Katzen\nOhne Zusatz von künstlichen Farbstoffen, Konservierungsmitteln, Soja und Zucker\nBesonders schmackhaft\n*Schmeckt nicht? Mit unserer\nQualitätsgarantie\nbekommst du dein Geld zurück und suchst dir einfach ein anderes Futter aus.\nAlleinfuttermittel für ausgewachsene Katzen. Weitere Informationen erhalten Sie hier:\ninfo@fressnapf.com\nInverkehrbringer\nMultiFit Tiernahrungs GmbH, Westpreußenstr. 32-38, 47809 Krefeld\nFütterungsempfehlung\nGewicht des Tieres\nFuttermenge pro Tag\n2 kg\n35 g\n3 kg\n50 g\n4 kg\n60 g\n5 kg\n70 g\n6 kg\n75 g\n7 kg\n85 g\n2 kg = 35 g\n3 kg = 50 g\n4 kg = 60 g\n5 kg = 70 g\n6 kg = 75 g\n7 kg = 85 g\nDer tatsächliche Bedarf richtet sich nach Rasse, Alter und Aktivität. Kühl und trocken lagern. Kann Spuren anderer Zutaten enthalten.\nImmer frisches Trinkwasser bereitstellen.\nInhaltsstoffe\nAnalytische Bestandteile\nProtein 34%, Fettgehalt 17%, Rohasche 7,5%, Rohfaser 4%, Calcium 2%, Phosphor 1,2%, Omega-3-Fettsäuren 0,8%, Omega- 6-Fettsäuren 2,8%.\nZusammensetzung\nGetrocknetes Geflügelprotein (25,2%), Kartoffelpülpe (getrocknet), frisches Geflügelfleisch (14%, u. a. 4% Hühnerfleisch), Reis (8,7%), Reismehl (8,4%), Lachsmehl (8,4%), Geflügelfett, Grieben (gemahlen), Leinsaat (1,3%), hydrolysierte Tierproteine (Leber, Herz) (1,1%), Bierhefe (0,9%), Zichorienpülpe (0,19%, getrocknet; Inulin: 0,1%), Sonnenblumenöl (0,19%), Lachsöl (0,19%), Granatapfel (0,04%), Oregano (0,008%), Petersilie (0,008%), Majoran (0,008%), Salbei (0,008%), Thymian (0,008%).\nZusatzstoffe pro kg\nErnährungsphysiologische Zusatzstoffe: Vitamin A 25000 IE, Vitamin D3 1600 IE, Vitamin E (all-rac-alpha-Tocopherylacetat) 330mg, Taurin 1000mg, Kupfer (Kupfer(II)-sulfat, Pentahydrat) 10mg, Eisen (Eisen(II)-sulfat, Monohydrat) 84mg, Jod (Kalziumjodat, wasserfrei) 2,2mg, Mangan (Mangan(II)-sulfat, Monohydrat) 10mg, Selen (Selenmethionin aus Saccharomyces cerevisiae CNCM I-3399) 0,07mg, Zink (Zinksulfat, Monohydrat) 143mg. Zootechnische Zusatzstoffe: Ammoniumchlorid 4200mg.\nVersandinformationen\nLieferungen erfolgen ab einem Mindestbestellwert von € 19,00 inkl. Mehrwertsteuer nach Abzug von Rabatten.\nWelche Versandkosten fallen für meine Bestellung an?\nWir berechnen € 2,99 bis zu einem Bestellwert von 29,00 €  – unabhängig von der Anzahl der Artikel und der Versandart.\nLieferungen ab 29,00 € werden mit 0,99 € Versandkosten pro Bestellung berechnet. Bei Bestellungen die ein Gesamtgewicht von 31 kg überschreiten, werden je nach Gewicht zwei oder mehrere Pakete versendet (Maximalgewicht pro Paket 31 kg). Für den erhöhten Versandaufwand berechnen wir einmalig zusätzliche Versandkosten in Höhe von 2,99 € pro Bestellung.\nLieferungen sind grundsätzlich nur innerhalb Österreichs möglich.\nDie Lieferzeit beträgt 1-3 Werktage bei Bestellungen bis 16 Uhr.\nKundenbewertungen und -rezensionen verstehen\nProduktbewertungen\nWie funktionieren Bewertungen in der Fressnapf-Gruppe (einschließlich Maxi Zoo)?\nKundenmeinungen in Form von Produkt- und Sternebewertungen sind dienlich für alle Kunden. Sie ermöglichen mehr über das Produkt zu erfahren und helfen bei Kaufentscheidung. Jeder Kunde, der ein Produkt Online oder im Markt erworben hat, kann eine Bewertung abgeben. Wir beziehen zudem Bewertungen aus Dritt-Quellen, z.B. von Hersteller-Seiten. Die Bewertungsherkunft wird an den jeweiligen Rezension ausgewiesen. Für Fressnapf ist das Meinungsbild seiner Kunden wichtig, um Schwachstellen zu analysieren und die Produktqualität zu verbessern. Alle Bewertungen werden durch unseren Dienstleister Bazaarvoice auf Vertrauenswürdigkeit geprüft. Bewertungsinhalte, die gegen die Nutzungsbedingungen der Fressnapf-Gruppe verstoßen, werden abgelehnt. Sonst erfolgt die Veröffentlichung von positiven wie auch negativen Produktbewertungen.\nHier mehr Informationen rund um Produktbewertungen\n.\nWeitere Informationen zur Verarbeitung Ihrer personenbezogenen Daten entnehmen Sie bitte unseren\nDatenschutzhinweisen\n.",
  "rating": 4.6,
  "review": 169,
  "distributor_address": "MultiFit Tiernahrungs GmbH, Westpreußenstr. 32-38, 47809 Krefeld",
  "ingredients": "Analytische Bestandteile Protein 34%, Fettgehalt 17%, Rohasche 7,5%, Rohfaser 4%, Calcium 2%, Phosphor 1,2%, Omega-3-Fettsäuren 0,8%, Omega- 6-Fettsäuren 2,8%. Zusammensetzung Getrocknetes Geflügelprotein (25,2%), Kartoffelpülpe (getrocknet), frisches Geflügelfleisch (14%, u. a. 4% Hühnerfleisch), Reis (8,7%), Reismehl (8,4%), Lachsmehl (8,4%), Geflügelfett, Grieben (gemahlen), Leinsaat (1,3%), hydrolysierte Tierproteine (Leber, Herz) (1,1%), Bierhefe (0,9%), Zichorienpülpe (0,19%, getrocknet; Inulin: 0,1%), Sonnenblumenöl (0,19%), Lachsöl (0,19%), Granatapfel (0,04%), Oregano (0,008%), Petersilie (0,008%), Majoran (0,008%), Salbei (0,008%), Thymian (0,008%). Zusatzstoffe pro kg Ernährungsphysiologische Zusatzstoffe: Vitamin A 25000 IE, Vitamin D3 1600 IE, Vitamin E (all-rac-alpha-Tocopherylacetat) 330mg, Taurin 1000mg, Kupfer (Kupfer(II)-sulfat, Pentahydrat) 10mg, Eisen (Eisen(II)-sulfat, Monohydrat) 84mg, Jod (Kalziumjodat, wasserfrei) 2,2mg, Mangan (Mangan(II)-sulfat, Monohydrat) 10mg, Selen (Selenmethionin aus Saccharomyces cerevisiae CNCM I-3399) 0,07mg, Zink (Zinksulfat, Monohydrat) 143mg. Zootechnische Zusatzstoffe: Ammoniumchlorid 4200mg.",
  "instock": true,
  "retail_limit": "10x"
},
{
  "_id": {
    "$oid": "66bef411a9267700a3bd01d4"
  },
  "unique_id": 1083969002,
  "competitor_name": "fressnapf",
  "product_name": "PREMIERE Best Meat Adult Huhn 4 kg",
  "brand": "PREMIERE",
  "regular_price": 19.99,
  "selling_price": 19.99,
  "price_per_unit": "€5.00/kg",
  "currency": "EUR",
  "breadcrumb": "Heimat > Hund > Hundefutter > Hundetrockenfutter > PREMIERE Best Meat Adult Huhn 4 kg",
  "pdp_url": "https://www.fressnapf.at/p/premiere-best-meat-adult-huhn-4-kg-1083969002/",
  "variants": "{'variant': ['Rind']}",
  "product_description": "PREMIERE\nArt.Nr.: 1083969002\nPREMIERE Best Meat besitzt einen extra hohen Fleischanteil (40%).\nBEST MEAT Adult enthält besonders viele wertvolle Proteine und ist besonders schmackhaft.\nErlesene Kräuter, Inulin und Vitamin C können eine ausgewogene Darmflora begünstigen und die Abwehrkräfte stärken.\nWertvolle Omega-3- und Omega-6- Fettsäuren können zu einer gesunden Haut und einem glänzenden Fell beitragen. Taurin ist wichtig für die Herzfunktion.\nDie in BEST MEAT Adult enthaltene Yucca schidigera kann auf natürliche Weise zur Verminderung unangenehmer Eigengerüche beitragen.\nDie Vorteile im Überblick:\nder hohe Gehalt an Fleisch ( 40% ) beinhaltet wertvolle Proteine\nreich an frischem Fleisch ( 14% ) für eine gute Akzeptanz\nerlesene Kräuter, Inulin und Vitamin C können Darmflora und Abwehrkräfte stärken\nYucca schidigera kann auf natürliche Weise zur Verminderung unangenehmer Eigengerüche beitragen\nWertvolle Omega-3- und Omega-6- Fettsäuren können zu einer gesunden Haut und einem glänzenden Fell beitragen.\nohne künstliche Farbstoffe und Konservierungsmittel\nmit Taurin für die Herzfunktion\n*Schmeckt nicht? Mit unserer\nQualitätsgarantie\nbekommst du dein Geld zurück und suchst dir einfach ein anderes Futter aus.\nAlleinfuttermittel fürausgewachsene Hunde mittelgroßer und großer Rassen ab 11kg. Weitere Informationen erhalten Sie hier:\ninfo@fressnapf.com\nFütterungsempfehlung\nAngaben sind Richtwerte. Der individuelle Bedarf richtet sich nach Rasse, Alter und Aktivität.\nBitte beachten Sie bei der Zufütterung von Snacks eine entsprechende Reduzierung der angegebenen Futtermenge.\nKühl undtrocken lagern. Immer frisches Trinkwasser bereitstellen. Kann Spuren anderer Zutaten enthalten.\nGewicht des Hundes\nFutterration in g/Tag bei normal aktiven Hunden\nFutterration in g/Tag bei weniger aktiven Hunden\n10kg\n145g\n125g\n15kg\n200g\n170g\n20kg\n245g\n210g\n25kg\n290g\n245g\n30kg\n330g\n285g\n40kg\n415g\n350g\n50kg\n490g\n415g\n60kg\n560g\n470g\nInhaltsstoffe\nAnalytische Bestandteile\nProtein 25%, Fettgehalt 12% Rohasche 7%, Rohfaser 4.5%, Calcium 1,6%, Phosphor 0.9%, Omega-3-Fettsäuren 0,5%, Omega-6-Fettsäuren 1.5%\nZusammensetzung\ngetrocknetes Huhn 26%, Reis 25,5%, getrocknete Kartoffelpülpe 25,5%, frisches Hühnerfleisch 14%, Geflügelfett 2,4%, hydrolysierte Tierproteine (Leber,Herz) 1,5%,Leinsaat 1,4%, Bierhefe 0,2%, Zichorienpülpe 0,2, getrocknet; Inulin 0,1%), Lachsöl 0,1%, Sonnenblumenöl 0,1%, getrocknete Yucca schidigera 0,1%, Oregano 0,008%, Petersilie 0,008%, Marjoran 0,008%, Salbei 0,008%, getrockneter Thymian 0,008%. silie 0,008%, getrockneter Majoran 0,008%, getrockneter Salbei 0,008%, getrockneter Thymian 0,008%\nZusatzstoffe pro kg\nVitamin A 18000 IE, Vitamin D3 1200 IE, Vitamin C (Ascorbinsäure) 250mg, Vitamin E (all-rac-alpha-Tocopherylacetat) 200mg, Taurin 500mg, Kupfer (Kupfer-(II)-sulfat, Pentahydrat ) 10 mg , Eisen (Eisen(II)-sulfat, Monohydrat) 87mg , Jod (Calciumjodat, wasserfrei ) 2,3 mg , Mangan (Mangan-(II)-sulfat, Monohhydrat) 9,3mg , Selen (Selenmethionin aus Saccharomyces cerevisiae CNCM I-339) 0,07mg, Zink (Zinksulfat, Monohydrat) 147mg\nVersandinformationen\nLieferungen erfolgen ab einem Mindestbestellwert von € 19,00 inkl. Mehrwertsteuer nach Abzug von Rabatten.\nWelche Versandkosten fallen für meine Bestellung an?\nWir berechnen € 2,99 bis zu einem Bestellwert von 29,00 €  – unabhängig von der Anzahl der Artikel und der Versandart.\nLieferungen ab 29,00 € werden mit 0,99 € Versandkosten pro Bestellung berechnet. Bei Bestellungen die ein Gesamtgewicht von 31 kg überschreiten, werden je nach Gewicht zwei oder mehrere Pakete versendet (Maximalgewicht pro Paket 31 kg). Für den erhöhten Versandaufwand berechnen wir einmalig zusätzliche Versandkosten in Höhe von 2,99 € pro Bestellung.\nLieferungen sind grundsätzlich nur innerhalb Österreichs möglich.\nDie Lieferzeit beträgt 1-3 Werktage bei Bestellungen bis 16 Uhr.\nKundenbewertungen und -rezensionen verstehen\nProduktbewertungen\nWie funktionieren Bewertungen in der Fressnapf-Gruppe (einschließlich Maxi Zoo)?\nKundenmeinungen in Form von Produkt- und Sternebewertungen sind dienlich für alle Kunden. Sie ermöglichen mehr über das Produkt zu erfahren und helfen bei Kaufentscheidung. Jeder Kunde, der ein Produkt Online oder im Markt erworben hat, kann eine Bewertung abgeben. Wir beziehen zudem Bewertungen aus Dritt-Quellen, z.B. von Hersteller-Seiten. Die Bewertungsherkunft wird an den jeweiligen Rezension ausgewiesen. Für Fressnapf ist das Meinungsbild seiner Kunden wichtig, um Schwachstellen zu analysieren und die Produktqualität zu verbessern. Alle Bewertungen werden durch unseren Dienstleister Bazaarvoice auf Vertrauenswürdigkeit geprüft. Bewertungsinhalte, die gegen die Nutzungsbedingungen der Fressnapf-Gruppe verstoßen, werden abgelehnt. Sonst erfolgt die Veröffentlichung von positiven wie auch negativen Produktbewertungen.\nHier mehr Informationen rund um Produktbewertungen\n.\nWeitere Informationen zur Verarbeitung Ihrer personenbezogenen Daten entnehmen Sie bitte unseren\nDatenschutzhinweisen\n.",
  "rating": 4.73,
  "review": 240,
  "ingredients": "Analytische Bestandteile Protein 25%, Fettgehalt 12% Rohasche 7%, Rohfaser 4.5%, Calcium 1,6%, Phosphor 0.9%, Omega-3-Fettsäuren 0,5%, Omega-6-Fettsäuren 1.5% Zusammensetzung getrocknetes Huhn 26%, Reis 25,5%, getrocknete Kartoffelpülpe 25,5%, frisches Hühnerfleisch 14%, Geflügelfett 2,4%, hydrolysierte Tierproteine (Leber,Herz) 1,5%,Leinsaat 1,4%, Bierhefe 0,2%, Zichorienpülpe 0,2, getrocknet; Inulin 0,1%), Lachsöl 0,1%, Sonnenblumenöl 0,1%, getrocknete Yucca schidigera 0,1%, Oregano 0,008%, Petersilie 0,008%, Marjoran 0,008%, Salbei 0,008%, getrockneter Thymian 0,008%. silie 0,008%, getrockneter Majoran 0,008%, getrockneter Salbei 0,008%, getrockneter Thymian 0,008% Zusatzstoffe pro kg Vitamin A 18000 IE, Vitamin D3 1200 IE, Vitamin C (Ascorbinsäure) 250mg, Vitamin E (all-rac-alpha-Tocopherylacetat) 200mg, Taurin 500mg, Kupfer (Kupfer-(II)-sulfat, Pentahydrat ) 10 mg , Eisen (Eisen(II)-sulfat, Monohydrat) 87mg , Jod (Calciumjodat, wasserfrei ) 2,3 mg , Mangan (Mangan-(II)-sulfat, Monohhydrat) 9,3mg , Selen (Selenmethionin aus Saccharomyces cerevisiae CNCM I-339) 0,07mg, Zink (Zinksulfat, Monohydrat) 147mg",
  "instock": true,
  "retail_limit": "10x"
},
{
  "_id": {
    "$oid": "66bef411a9267700a3bd01d5"
  },
  "unique_id": 1231124005,
  "competitor_name": "fressnapf",
  "product_name": "PREMIERE Adult Lachs 10 kg",
  "brand": "PREMIERE",
  "regular_price": 42.99,
  "selling_price": 42.99,
  "price_per_unit": "€4.30/kg",
  "currency": "EUR",
  "breadcrumb": "Heimat > Katze > Katzenfutter > Trockenfutter > PREMIERE Adult Lachs 10 kg",
  "pdp_url": "https://www.fressnapf.at/p/premiere-adult-lachs-10-kg-1231124005/",
  "variants": "{'variant': ['Geflügel']}",
  "product_description": "PREMIERE\nArt.Nr.: 1231124005\nPREMIERE Adult mit Geflügel, Rind oder Lachs, erlesenen Kräutern und 14% Frischfleisch ist schmackhaft und speziell auf den Nährstoffbedarf ausgewachsener Katzen abgestimmt.\nOptimale Ernährung Ihrer Katze\nEine abgestimmte Vitamin- und Mineralstoffversorgung und das ausgewogene Protein-/ Fettverhältnis sorgen für eine optimale Ernährung. Pflanzenfasern und Bierhefe können die Darmflora unterstützen. Die Zusammensetzung der Rezeptur kann außerdem die Funktion der Harnwege unterstützen. Hochwertiges Lachsöl und Leinsaat liefern wichtige Omega-3- und Omega-6-Fettsäuren, die ein glänzendes Fell und schöne Haut unterstützen können.PREMIERE Adult mit Geflügel oder Lachs enthält einen extra hohen Anteil an Fleisch und tierischen Bestandteilen für besondere Schmackhaftigkeit!\nDie Vorteile von PREMIERE Adult im Überblick:\nHoher Anteil an Fleisch und tierischen Proteinen\nMit wertvollem Taurin\nDie enthaltenen Pflanzenfasern und Bierhefe können die Verdauung unterstützen\nMit Leinsaat und hochwertigem Lachsöl zur Unterstützung schöner Haut und glänzendem Fell\nAbgestimmte Vitamin- und Mineralstoffmischung für eine optimal abgestimmte Ernährung ausgewachsener Katzen\nOhne Zusatz von künstlichen Farbstoffen, Konservierungsmitteln, Soja und Zucker\nBesonders schmackhaft\n*Schmeckt nicht? Mit unserer\nQualitätsgarantie\nbekommst du dein Geld zurück und suchst dir einfach ein anderes Futter aus.\nAlleinfuttermittel für ausgewachsene Katzen. Weitere Informationen erhalten Sie hier:\ninfo@fressnapf.com\nInverkehrbringer\nMultiFit Tiernahrungs GmbH, Westpreußenstr. 32-38, 47809 Krefeld\nFütterungsempfehlung\nGewicht des Tieres\nFuttermenge pro Tag\n2 kg\n35 g\n3 kg\n50 g\n4 kg\n60 g\n5 kg\n70 g\n6 kg\n75 g\n7 kg\n85 g\nAngaben sind Richtwerte. Der tatsächliche Bedarf richtet sich nach Rasse, Alter und Aktivität.\nInhaltsstoffe\nAnalytische Bestandteile\nProtein 34%, Fettgehalt 17%, Rohasche 7,5%, Rohfaser 4%, Calcium 2%, Phosphor 1,2%, Omega-3-Fettsäuren 0,8%, Omega- 6-Fettsäuren 2,8%.\nZusammensetzung\nGetrocknetes Geflügelprotein (25,2%), Kartoffelpülpe (getrocknet), frisches Geflügelfleisch (14%, u. a. 4% Hühnerfleisch), Reis (8,7%), Reismehl (8,4%), Lachsmehl (8,4%), Geflügelfett, Grieben (gemahlen), Leinsaat (1,3%), hydrolysierte Tierproteine (Leber, Herz) (1,1%), Bierhefe (0,9%), Zichorienpülpe (0,19%, getrocknet; Inulin: 0,1%), Sonnenblumenöl (0,19%), Lachsöl (0,19%), Granatapfel (0,04%), Oregano (0,008%), Petersilie (0,008%), Majoran (0,008%), Salbei (0,008%), Thymian (0,008%).\nZusatzstoffe pro kg\nErnährungsphysiologische Zusatzstoffe: Vitamin A 25000 IE, Vitamin D3 1600 IE, Vitamin E (all-rac-alpha-Tocopherylacetat) 330mg, Taurin 1000mg, Kupfer (Kupfer(II)-sulfat, Pentahydrat) 10mg, Eisen (Eisen(II)-sulfat, Monohydrat) 84mg, Jod (Kalziumjodat, wasserfrei) 2,2mg, Mangan (Mangan(II)-sulfat, Monohydrat) 10mg, Selen (Selenmethionin aus Saccharomyces cerevisiae CNCM I-3399) 0,07mg, Zink (Zinksulfat, Monohydrat) 143mg. Zootechnische Zusatzstoffe: Ammoniumchlorid 4200mg.\nVersandinformationen\nLieferungen erfolgen ab einem Mindestbestellwert von € 19,00 inkl. Mehrwertsteuer nach Abzug von Rabatten.\nWelche Versandkosten fallen für meine Bestellung an?\nWir berechnen € 2,99 bis zu einem Bestellwert von 29,00 €  – unabhängig von der Anzahl der Artikel und der Versandart.\nLieferungen ab 29,00 € werden mit 0,99 € Versandkosten pro Bestellung berechnet. Bei Bestellungen die ein Gesamtgewicht von 31 kg überschreiten, werden je nach Gewicht zwei oder mehrere Pakete versendet (Maximalgewicht pro Paket 31 kg). Für den erhöhten Versandaufwand berechnen wir einmalig zusätzliche Versandkosten in Höhe von 2,99 € pro Bestellung.\nLieferungen sind grundsätzlich nur innerhalb Österreichs möglich.\nDie Lieferzeit beträgt 1-3 Werktage bei Bestellungen bis 16 Uhr.\nKundenbewertungen und -rezensionen verstehen\nProduktbewertungen\nWie funktionieren Bewertungen in der Fressnapf-Gruppe (einschließlich Maxi Zoo)?\nKundenmeinungen in Form von Produkt- und Sternebewertungen sind dienlich für alle Kunden. Sie ermöglichen mehr über das Produkt zu erfahren und helfen bei Kaufentscheidung. Jeder Kunde, der ein Produkt Online oder im Markt erworben hat, kann eine Bewertung abgeben. Wir beziehen zudem Bewertungen aus Dritt-Quellen, z.B. von Hersteller-Seiten. Die Bewertungsherkunft wird an den jeweiligen Rezension ausgewiesen. Für Fressnapf ist das Meinungsbild seiner Kunden wichtig, um Schwachstellen zu analysieren und die Produktqualität zu verbessern. Alle Bewertungen werden durch unseren Dienstleister Bazaarvoice auf Vertrauenswürdigkeit geprüft. Bewertungsinhalte, die gegen die Nutzungsbedingungen der Fressnapf-Gruppe verstoßen, werden abgelehnt. Sonst erfolgt die Veröffentlichung von positiven wie auch negativen Produktbewertungen.\nHier mehr Informationen rund um Produktbewertungen\n.\nWeitere Informationen zur Verarbeitung Ihrer personenbezogenen Daten entnehmen Sie bitte unseren\nDatenschutzhinweisen\n.",
  "rating": 4.6,
  "review": 169,
  "distributor_address": "MultiFit Tiernahrungs GmbH, Westpreußenstr. 32-38, 47809 Krefeld",
  "ingredients": "Analytische Bestandteile Protein 34%, Fettgehalt 17%, Rohasche 7,5%, Rohfaser 4%, Calcium 2%, Phosphor 1,2%, Omega-3-Fettsäuren 0,8%, Omega- 6-Fettsäuren 2,8%. Zusammensetzung Getrocknetes Geflügelprotein (25,2%), Kartoffelpülpe (getrocknet), frisches Geflügelfleisch (14%, u. a. 4% Hühnerfleisch), Reis (8,7%), Reismehl (8,4%), Lachsmehl (8,4%), Geflügelfett, Grieben (gemahlen), Leinsaat (1,3%), hydrolysierte Tierproteine (Leber, Herz) (1,1%), Bierhefe (0,9%), Zichorienpülpe (0,19%, getrocknet; Inulin: 0,1%), Sonnenblumenöl (0,19%), Lachsöl (0,19%), Granatapfel (0,04%), Oregano (0,008%), Petersilie (0,008%), Majoran (0,008%), Salbei (0,008%), Thymian (0,008%). Zusatzstoffe pro kg Ernährungsphysiologische Zusatzstoffe: Vitamin A 25000 IE, Vitamin D3 1600 IE, Vitamin E (all-rac-alpha-Tocopherylacetat) 330mg, Taurin 1000mg, Kupfer (Kupfer(II)-sulfat, Pentahydrat) 10mg, Eisen (Eisen(II)-sulfat, Monohydrat) 84mg, Jod (Kalziumjodat, wasserfrei) 2,2mg, Mangan (Mangan(II)-sulfat, Monohydrat) 10mg, Selen (Selenmethionin aus Saccharomyces cerevisiae CNCM I-3399) 0,07mg, Zink (Zinksulfat, Monohydrat) 143mg. Zootechnische Zusatzstoffe: Ammoniumchlorid 4200mg.",
  "instock": true,
  "retail_limit": "10x"
},
{
  "_id": {
    "$oid": "66bef411a9267700a3bd01d6"
  },
  "unique_id": 1084043001,
  "competitor_name": "fressnapf",
  "product_name": "PREMIERE Best Meat Adult Huhn 12.5 kg",
  "brand": "PREMIERE",
  "regular_price": 44.99,
  "selling_price": 44.99,
  "price_per_unit": "€3.60/kg",
  "currency": "EUR",
  "breadcrumb": "Heimat > Hund > Hundefutter > Hundetrockenfutter > PREMIERE Best Meat Adult Huhn 12,5 kg",
  "pdp_url": "https://www.fressnapf.at/p/premiere-best-meat-adult-huhn-125-kg-1084043001/",
  "variants": "{'variant': ['Rind']}",
  "product_description": "PREMIERE\nArt.Nr.: 1084043001\nPREMIERE Best Meat besitzt einen extra hohen Fleischanteil (40%).\nBEST MEAT Adult enthält besonders viele wertvolle Proteine und ist besonders schmackhaft.\nErlesene Kräuter, Inulin und Vitamin C können eine ausgewogene Darmflora begünstigen und die Abwehrkräfte stärken.\nWertvolle Omega-3- und Omega-6- Fettsäuren können zu einer gesunden Haut und einem glänzenden Fell beitragen. Taurin ist wichtig für die Herzfunktion.\nDie in BEST MEAT Adult enthaltene Yucca schidigera kann auf natürliche Weise zur Verminderung unangenehmer Eigengerüche beitragen.\nDie Vorteile im Überblick:\nder hohe Gehalt an Fleisch ( 40% ) beinhaltet wertvolle Proteine\nreich an frischem Fleisch ( 14% ) für eine gute Akzeptanz\nerlesene Kräuter, Inulin und Vitamin C können Darmflora und Abwehrkräfte stärken\nYucca schidigera kann auf natürliche Weise zur Verminderung unangenehmer Eigengerüche beitragen\nWertvolle Omega-3- und Omega-6- Fettsäuren können zu einer gesunden Haut und einem glänzenden Fell beitragen.\nohne künstliche Farbstoffe und Konservierungsmittel\nmit Taurin für die Herzfunktion\n*Schmeckt nicht? Mit unserer\nQualitätsgarantie\nbekommst du dein Geld zurück und suchst dir einfach ein anderes Futter aus.\nAlleinfuttermittel fürausgewachsene Hunde mittelgroßer und großer Rassen ab 11kg. Weitere Informationen erhalten Sie hier:\ninfo@fressnapf.com\nFütterungsempfehlung\nAngaben sind Richtwerte. Der individuelle Bedarf richtet sich nach Rasse, Alter und Aktivität.\nBitte beachten Sie bei der Zufütterung von Snacks eine entsprechende Reduzierung der angegebenen Futtermenge.\nKühl undtrocken lagern. Immer frisches Trinkwasser bereitstellen. Kann Spuren anderer Zutaten enthalten.\nGewicht des Hundes\nFutterration in g/Tag bei normal aktiven Hunden\nFutterration in g/Tag bei weniger aktiven Hunden\n10kg\n145g\n125g\n15kg\n200g\n170g\n20kg\n245g\n210g\n25kg\n290g\n245g\n30kg\n330g\n285g\n40kg\n415g\n350g\n50kg\n490g\n415g\n60kg\n560g\n470g\nInhaltsstoffe\nAnalytische Bestandteile\nProtein 25%, Fettgehalt 12% Rohasche 7%, Rohfaser 4.5%, Calcium 1,6%, Phosphor 0.9%, Omega-3-Fettsäuren 0,5%, Omega-6-Fettsäuren 1.5%\nZusammensetzung\ngetrocknetes Huhn 26%, Reis 25,5%, getrocknete Kartoffelpülpe 25,5%, frisches Hühnerfleisch 14%, Geflügelfett 2,4%, hydrolysierte Tierproteine (Leber,Herz) 1,5%,Leinsaat 1,4%, Bierhefe 0,2%, Zichorienpülpe 0,2, getrocknet; Inulin 0,1%), Lachsöl 0,1%, Sonnenblumenöl 0,1%, getrocknete Yucca schidigera 0,1%, Oregano 0,008%, Petersilie 0,008%, Marjoran 0,008%, Salbei 0,008%, getrockneter Thymian 0,008%. silie 0,008%, getrockneter Majoran 0,008%, getrockneter Salbei 0,008%, getrockneter Thymian 0,008%\nZusatzstoffe pro kg\nVitamin A 18000 IE, Vitamin D3 1200 IE, Vitamin C (Ascorbinsäure) 250mg, Vitamin E (all-rac-alpha-Tocopherylacetat) 200mg, Taurin 500mg, Kupfer (Kupfer-(II)-sulfat, Pentahydrat ) 10 mg , Eisen (Eisen(II)-sulfat, Monohydrat) 87mg , Jod (Calciumjodat, wasserfrei ) 2,3 mg , Mangan (Mangan-(II)-sulfat, Monohhydrat) 9,3mg , Selen (Selenmethionin aus Saccharomyces cerevisiae CNCM I-339) 0,07mg, Zink (Zinksulfat, Monohydrat) 147mg\nVersandinformationen\nLieferungen erfolgen ab einem Mindestbestellwert von € 19,00 inkl. Mehrwertsteuer nach Abzug von Rabatten.\nWelche Versandkosten fallen für meine Bestellung an?\nWir berechnen € 2,99 bis zu einem Bestellwert von 29,00 €  – unabhängig von der Anzahl der Artikel und der Versandart.\nLieferungen ab 29,00 € werden mit 0,99 € Versandkosten pro Bestellung berechnet. Bei Bestellungen die ein Gesamtgewicht von 31 kg überschreiten, werden je nach Gewicht zwei oder mehrere Pakete versendet (Maximalgewicht pro Paket 31 kg). Für den erhöhten Versandaufwand berechnen wir einmalig zusätzliche Versandkosten in Höhe von 2,99 € pro Bestellung.\nLieferungen sind grundsätzlich nur innerhalb Österreichs möglich.\nDie Lieferzeit beträgt 1-3 Werktage bei Bestellungen bis 16 Uhr.\nKundenbewertungen und -rezensionen verstehen\nProduktbewertungen\nWie funktionieren Bewertungen in der Fressnapf-Gruppe (einschließlich Maxi Zoo)?\nKundenmeinungen in Form von Produkt- und Sternebewertungen sind dienlich für alle Kunden. Sie ermöglichen mehr über das Produkt zu erfahren und helfen bei Kaufentscheidung. Jeder Kunde, der ein Produkt Online oder im Markt erworben hat, kann eine Bewertung abgeben. Wir beziehen zudem Bewertungen aus Dritt-Quellen, z.B. von Hersteller-Seiten. Die Bewertungsherkunft wird an den jeweiligen Rezension ausgewiesen. Für Fressnapf ist das Meinungsbild seiner Kunden wichtig, um Schwachstellen zu analysieren und die Produktqualität zu verbessern. Alle Bewertungen werden durch unseren Dienstleister Bazaarvoice auf Vertrauenswürdigkeit geprüft. Bewertungsinhalte, die gegen die Nutzungsbedingungen der Fressnapf-Gruppe verstoßen, werden abgelehnt. Sonst erfolgt die Veröffentlichung von positiven wie auch negativen Produktbewertungen.\nHier mehr Informationen rund um Produktbewertungen\n.\nWeitere Informationen zur Verarbeitung Ihrer personenbezogenen Daten entnehmen Sie bitte unseren\nDatenschutzhinweisen\n.",
  "rating": 4.73,
  "review": 240,
  "ingredients": "Analytische Bestandteile Protein 25%, Fettgehalt 12% Rohasche 7%, Rohfaser 4.5%, Calcium 1,6%, Phosphor 0.9%, Omega-3-Fettsäuren 0,5%, Omega-6-Fettsäuren 1.5% Zusammensetzung getrocknetes Huhn 26%, Reis 25,5%, getrocknete Kartoffelpülpe 25,5%, frisches Hühnerfleisch 14%, Geflügelfett 2,4%, hydrolysierte Tierproteine (Leber,Herz) 1,5%,Leinsaat 1,4%, Bierhefe 0,2%, Zichorienpülpe 0,2, getrocknet; Inulin 0,1%), Lachsöl 0,1%, Sonnenblumenöl 0,1%, getrocknete Yucca schidigera 0,1%, Oregano 0,008%, Petersilie 0,008%, Marjoran 0,008%, Salbei 0,008%, getrockneter Thymian 0,008%. silie 0,008%, getrockneter Majoran 0,008%, getrockneter Salbei 0,008%, getrockneter Thymian 0,008% Zusatzstoffe pro kg Vitamin A 18000 IE, Vitamin D3 1200 IE, Vitamin C (Ascorbinsäure) 250mg, Vitamin E (all-rac-alpha-Tocopherylacetat) 200mg, Taurin 500mg, Kupfer (Kupfer-(II)-sulfat, Pentahydrat ) 10 mg , Eisen (Eisen(II)-sulfat, Monohydrat) 87mg , Jod (Calciumjodat, wasserfrei ) 2,3 mg , Mangan (Mangan-(II)-sulfat, Monohhydrat) 9,3mg , Selen (Selenmethionin aus Saccharomyces cerevisiae CNCM I-339) 0,07mg, Zink (Zinksulfat, Monohydrat) 147mg",
  "instock": true,
  "retail_limit": "10x"
},
{
  "_id": {
    "$oid": "66bef411a9267700a3bd01d7"
  },
  "unique_id": 1338118,
  "competitor_name": "fressnapf",
  "product_name": "SELECT GOLD Sensitive Adult 12x100g Huhn mit Reis",
  "brand": "SELECT GOLD",
  "regular_price": 17.88,
  "selling_price": 17.88,
  "price_per_unit": "€14.90/kg",
  "currency": "EUR",
  "breadcrumb": "Heimat > Hund > Hundefutter > Hundenassfutter > SELECT GOLD Sensitive Adult 12x100g Huhn mit Reis",
  "pdp_url": "https://www.fressnapf.at/p/select-gold-sensitive-adult-12x100g-huhn-mit-reis-1338118/",
  "product_description": "SELECT GOLD\nArt.Nr.: 1338118\nSELECT GOLD Sensitive Adult enthält gut bekömmliche Zutaten und eignet sich daher besonders für ernährungssensible Hunde sowie bei Futtermittelunverträglichkeiten.\nSELECT GOLD Sensitive Adult  ist eine speziell entwickelte, ausgewogene Premium-Nassnahrung.\nDie hochwertige Rezeptur zeichnet sich durch wenige gut verträgliche Zutaten und nur 1 ausgewählten tierischen Proteinquelle aus.\nBei der Entwicklung dieser Premium-Rezeptur wurden die ernährungsphysiologischen Anforderungen von ausgewachsenen Hunden gezielt berücksichtigt.\nDie Vorteile im Überblick:\nideal für ernährungssensible Hunde\nExtra für kleine Hunde: Angepasster Energiegehalt\nMit ausgewählten Proteinquellen für ernährungssensible Hunde\nGetreidefreie Rezeptur (Sorten mit Kartoffel) oder weizenfreie Rezeptur (Sorten mit Reis)\nPrebiotisch wirkende Fructo-Oligosaccharide (FOS) fördern den Aufbau und Erhalt einer stabilen Darmflora. Eine optimale Verdauung kann somit unterstützt werden.\nOhne Verwendung von Konservierungsmitteln, Farb- und Geschmacksstoffen.\nOhne Zusatz von Zucker und Soja\nMöchtest du mehr über die Produkte von SELECT GOLD für Hunde erfahren? Tauche\nhier\nin die Welt der Produktvielfalt von SELECT GOLD ein!-\nAlleinfuttermittel für ausgewachsene Hund, weitere Informationen erhalten Sie hier: info@fressnapf.com\nMehr Produktinfos\nInverkehrbringer\nMultiFit Tiernahrungs GmbH, Westpreußenstr. 32-38, 47809 Krefeld",
  "rating": 4.4,
  "review": 58,
  "distributor_address": "MultiFit Tiernahrungs GmbH, Westpreußenstr. 32-38, 47809 Krefeld",
  "ingredients": "Analytische Bestandteile Protein 10,2%, Fettgehalt 5,1%, Rohasche 2,6%, Rohfaser 0,4%, Calcium 0,21%, Phosphor 0,19% Zusammensetzung Huhn (aus Herzen, Fleisch, Mägen, Lebern, Hälsen, Fett) 68%, Reis 4%, Mineralstoffe 1%, Sonnenblumenöl 0,2%, Fructo-Oligosaccharide 0,2%, Rapsöl  0,1% Feuchtegehalt 80% Zusatzstoffe pro kg Ernährungsphysiologische Zusatzstoffe: Vitamin D3 200 IE, E4 (Kupfer) 1,5mg, 3b202 (Jod) 0,75mg, 3b503 (Mangan) 1,4mg,  3b603 (Zink) 25mg, 3a880 (Biotin) 300μg",
  "instock": true,
  "retail_limit": "10x"
},
{
  "_id": {
    "$oid": "66bef411a9267700a3bd01d8"
  },
  "unique_id": 1232317004,
  "competitor_name": "fressnapf",
  "product_name": "bosch Special Light 12.5 kg",
  "brand": "bosch",
  "regular_price": 32.99,
  "selling_price": 32.99,
  "price_per_unit": "€2.64/kg",
  "currency": "EUR",
  "breadcrumb": "Heimat > Hund > Hundefutter > Hundetrockenfutter > bosch Special Light 12,5 kg",
  "pdp_url": "https://www.fressnapf.at/p/bosch-special-light-125-kg-1232317004/",
  "product_description": "bosch\nArt.Nr.: 1232317004\nHunde mit Problemen in den harnabführenden Organen (Nieren, Harnleiter) bzw. im Leberstoffwechsel benötigen eine Spezialnahrung zur Reduktion der Stoffwechsel-Abbauprodukte und somit zur Entlastung dieser Organe.\nSPECIAL LIGHT eignet sich aufgrund des extrem niedrigen Eiweißgehaltes (13 %) bei gleichzeitig hoher Proteinqualität sowie deutlich reduzierten Gehalten an Mineralstoffen (u.a. Phosphor, Natrium, Magnesium) als Alleinfuttermittel auch über einen längeren Zeitraum.\nSPECIAL LIGHT entlastet den Stoffwechsel und beugt der Gefahr von ernährungsbedingten Harnwegsstörungen vor.\nDurch den Einsatz eines Immun-Komplexes aus Mannanen und Glucanen wird die Darmflora stabilisiert sowie das Immunsystem gestärkt.\nDie Vorteile im Überblick:\nstark reduzierte Eiweiß- und Mineralstoffgehalte\nEntlastung des Stoffwechsels (Leber und Niere)\nvorbeugend gegen Harngrieß und Struvitsteine\nweizenfrei\nAlleinfuttermittel für Hunde, weitere Informationen erhalten Sie hier: info@bosch-tiernahrung.de\nInverkehrbringer\nbosch Tiernahrung GmbH & Co. KG, Engelhardshauser Str. 55+57, 74572 Blaufelden-Wiesenbach",
  "rating": 4.76,
  "review": 85,
  "distributor_address": "bosch Tiernahrung GmbH & Co. KG, Engelhardshauser Str. 55+57, 74572 Blaufelden-Wiesenbach",
  "ingredients": "Analytische Bestandteile Protein 13,0 %, Fettgehalt 10,0 %, Rohfaser 2,5 %, Rohasche 4,3 %, Calcium 0,60 %, Phosphor 0,40 %. Zusammensetzung Reis, Gerste, Geflügelfleischmehl, Tierfett, Proteinhydrolysat, Leinsamen, Zellulosepulver, Fischöl, Calciumcarbonat, Erbsen, Kaliumchlorid, Hefe (getrocknet, incl. 0,1 % Mannanoligosaccharide, 0,06 % β-Glucane), Natriumchlorid, Grünlippmuschelextrakt (0,1 %), Chicoree (getrocknet) Feuchtegehalt 8% Zusatzstoffe pro kg Ernährungsphysiologische Zusatzstoffe: Vitamin A 12.000 I.E., Vitamin D3 1.200 I.E., Vitamin E 70 mg, Zink (als Zinkoxid) 70 mg, Zink (als Aminosäure-Zinkchelat, Hydrat) 75 mg, Kupfer (als Kupfer-(II)-Sulfat, Pentahydrat) 10 mg, Jod (als Calciumjodat, wasserfrei) 2 mg, Selen (als Natriumselenit) 0,2 mg",
  "instock": true,
  "retail_limit": "10x"
},
{
  "_id": {
    "$oid": "66bef411a9267700a3bd01d9"
  },
  "unique_id": 1243512,
  "competitor_name": "fressnapf",
  "product_name": "bosch Special Light 2x12.5 kg",
  "brand": "bosch",
  "regular_price": 62.99,
  "selling_price": 62.99,
  "price_per_unit": "€2.52/kg",
  "currency": "EUR",
  "breadcrumb": "Heimat > Hund > Hundefutter > Hundetrockenfutter > bosch Special Light 2x12,5 kg",
  "pdp_url": "https://www.fressnapf.at/p/bosch-special-light-2x125-kg-1243512/",
  "product_description": "bosch\nArt.Nr.: 1243512\nHunde mit Problemen in den harnabführenden Organen (Nieren, Harnleiter) bzw. im Leberstoffwechsel benötigen eine Spezialnahrung zur Reduktion der Stoffwechsel-Abbauprodukte und somit zur Entlastung dieser Organe.\nSPECIAL LIGHT eignet sich aufgrund des extrem niedrigen Eiweißgehaltes (13 %) bei gleichzeitig hoher Proteinqualität sowie deutlich reduzierten Gehalten an Mineralstoffen (u.a. Phosphor, Natrium, Magnesium) als Alleinfuttermittel auch über einen längeren Zeitraum.\nSPECIAL LIGHT entlastet den Stoffwechsel und beugt der Gefahr von ernährungsbedingten Harnwegsstörungen vor.\nDurch den Einsatz eines Immun-Komplexes aus Mannanen und Glucanen wird die Darmflora stabilisiert sowie das Immunsystem gestärkt.\nDie Vorteile im Überblick:\nstark reduzierte Eiweiß- und Mineralstoffgehalte\nEntlastung des Stoffwechsels (Leber und Niere)\nvorbeugend gegen Harngrieß und Struvitsteine\nweizenfrei\nAlleinfuttermittel für Hunde, weitere Informationen erhalten Sie hier: info@bosch-tiernahrung.de\nInverkehrbringer\nbosch Tiernahrung GmbH & Co. KG, Engelhardshauser Str. 55+57, 74572 Blaufelden-Wiesenbach",
  "rating": 4.76,
  "review": 85,
  "distributor_address": "bosch Tiernahrung GmbH & Co. KG, Engelhardshauser Str. 55+57, 74572 Blaufelden-Wiesenbach",
  "ingredients": "Analytische Bestandteile Protein 13,0 %, Fettgehalt 10,0 %, Rohfaser 2,5 %, Rohasche 4,3 %, Calcium 0,60 %, Phosphor 0,40 %. Zusammensetzung Reis, Gerste, Geflügelfleischmehl, Tierfett, Proteinhydrolysat, Leinsamen, Zellulosepulver, Fischöl, Calciumcarbonat, Erbsen, Kaliumchlorid, Hefe (getrocknet, incl. 0,1 % Mannanoligosaccharide, 0,06 % β-Glucane), Natriumchlorid, Grünlippmuschelextrakt (0,1 %), Chicoree (getrocknet) Feuchtegehalt 8% Zusatzstoffe pro kg Ernährungsphysiologische Zusatzstoffe: Vitamin A 12.000 I.E., Vitamin D3 1.200 I.E., Vitamin E 70 mg, Zink (als Zinkoxid) 70 mg, Zink (als Aminosäure-Zinkchelat, Hydrat) 75 mg, Kupfer (als Kupfer-(II)-Sulfat, Pentahydrat) 10 mg, Jod (als Calciumjodat, wasserfrei) 2 mg, Selen (als Natriumselenit) 0,2 mg",
  "instock": true,
  "retail_limit": "10x"
},
{
  "_id": {
    "$oid": "66bef411a9267700a3bd01da"
  },
  "unique_id": 1003051001,
  "competitor_name": "fressnapf",
  "product_name": "GOURMET Perle 4x85g Rind. Huhn. Kaninchen & Lachs",
  "brand": "GOURMET",
  "regular_price": 2.79,
  "selling_price": 2.79,
  "price_per_unit": "€8.21/kg",
  "currency": "EUR",
  "breadcrumb": "Heimat > Katze > Katzenfutter > Nassfutter > GOURMET Perle 4x85g Rind, Huhn, Kaninchen & Lachs",
  "pdp_url": "https://www.fressnapf.at/p/gourmet-perle-4x85g-rind-huhn-kaninchen--lachs-1003051001/",
  "product_description": "GOURMET\nArt.Nr.: 1003051001\nErlesene Kreationen für ein unwiederstehliches Geschmackserlebnis - Jeden Tag.\nGourmet Perle regt die Sinne Ihrer Katze an – mit hochwertigen Zutaten und in erlesenen Streifen. Gourmet Perle Erlesene Streifen mit Fisch oder Fleisch oder als raffiniertes Duo in einer delikaten Sauce verwöhnen den Gaumen Ihres kleinen Feinschmeckers auf eine ganz besondere Art.\nAus hochwertigen Zutaten kreiert und in erlesenen Streifen serviert, wird jeder Bissen zu einem unwiderstehlichen Geschmackserlebnis. Gourmet Perle ist so einzigartig wie Ihre Katze selbst – ganz gleich, wie anspruchsvoll Ihre Samtpfote ist, Erlesene Streifen wird sie lieben. Die praktischen Beutel sind ideal zum Portionieren geeignet. Die verschiedenen Geschmacksrichtungen bringen Abwechslung in den Futternapf.\nAlleinfuttermittel für ausgewachsene Katzen. Weitere Informationen erhalten Sie hier: 069/6671-3088 /\nwww.purina.de\nInverkehrbringer\nNestlé Purina Petcare Deutschland GmbH, Albert-Latz-Str. 6, 53879 Euskirchen",
  "rating": 4.7,
  "review": 290,
  "distributor_address": "Nestlé Purina Petcare Deutschland GmbH, Albert-Latz-Str. 6, 53879 Euskirchen",
  "ingredients": "Analytische Bestandteile Protein: 12,5%, Fettgehalt: 2,5%, Rohasche: 2,5%, Rohfaser: 0,05% Zusammensetzung Mit Rind Fleisch und tierische Nebenerzeugnisse (davon 4% Rind), pflanzliche Eiweißextrakte, Fisch und Fischnebenerzeugnisse, Mineralstoffe, Zucker. Mit Huhn Fleisch und tierische Nebenerzeugnisse (davon 4% Huhn), pflanzliche Eiweißextrakte, Fisch und Fischnebenerzeugnisse, Mineralstoffe, Zucker. Mit Kaninchen Fleisch und tierische Nebenerzeugnisse (davon 4% Kaninchen), pflanzliche Eiweißextrakte, Fisch und Fischnebenerzeugnisse, Mineralstoffe, Zucker. Mit Lachs Fleisch und tierische Nebenerzeugnisse, pflanzliche Eiweißextrakte, Fisch und Fischnebenerzeugnisse (davon 4% Lachs), Mineralstoffe, Zucker. Feuchtegehalt 80% Zusatzstoffe pro kg Ernährungsphysiologische Zusatzstoffe: Vit. A 650IE, D3 99IE, Eisensulfat Monohydrat 23mg, Calciumjodat wasserfrei 0,29mg, Kupfersulfat Pentahydrat 2,5mg, Mangansulfat Monohydrat 4,4mg, Zinksulfat Monohydrat 37mg.",
  "instock": true,
  "retail_limit": "10x"
},
{
  "_id": {
    "$oid": "66bef411a9267700a3bd01db"
  },
  "unique_id": 1243584002,
  "competitor_name": "fressnapf",
  "product_name": "REAL NATURE WILDERNESS Kitten Multipack 4x100g",
  "brand": "REAL NATURE",
  "regular_price": 5.99,
  "selling_price": 5.99,
  "price_per_unit": "€14.98/kg",
  "currency": "EUR",
  "breadcrumb": "Heimat > Katze > Katzenfutter > Nassfutter > REAL NATURE WILDERNESS Kitten Multipack 4x100g",
  "pdp_url": "https://www.fressnapf.at/p/real-nature-wilderness-kitten-multipack-4x100g-1243584002/",
  "product_description": "REAL NATURE\nArt.Nr.: 1243584002\nREAL NATURE WILDERNESS bietet Ihrer Katze naturbelassene* Zutaten von höchster Qualität.(*in den ausgewählten Rohstoffen)\nREAL NATURE WILDERNESS bietet Ihrer Katze naturbelassene* Zutaten von höchster Qualität.\nREAL NATURE WILDERNESS folgt der Natur Ihrer Katze. REAL NATURE WILDERNESS orientiert sich an der Ernährung ihrer Vorfahren, der Wildkatzen, und ermöglicht Ihnen, Ihr Tier so artgerecht wie möglich zu ernähren. Die REAL NATURE WILDERNESS Nassnahrung für ausgewachsene Katzen überzeugt durch ideal abgestimmte, getreidefreie Rezepturen mit sehr hohem Fleischanteil, schonend in Brühe gegart. Die Vorteile im Überblick:\nUrsprüngliche Ernährung nach dem Vorbild der Wildkatze\nMit einem sehr hohen Fleischanteil & wertvollen Zutaten\nGetreidefreie Rezeptur\nNatürliche Zutaten, ernährungsphysiologisch sinnvoll ergänzt um wertvolle Vitamine und Mineralstoffe, ohne Zusatz von künstlichen Konservierungsmitteln, Farb- und Aromastoffen\n(*in den eingesetzten Rohstoffen)\nMöchtest du mehr über die Produkte von REAL NATURE für Katzen erfahren? Tauche\nhier\nin die Welt der Produktvielfalt von REAL NATURE ein!\n-\nMehr Produktinfos\nInverkehrbringer\nMultiFit Tiernahrungs GmbH, Westpreußenstr. 32-38, 47809 Krefeld",
  "rating": 4.46,
  "review": 35,
  "distributor_address": "MultiFit Tiernahrungs GmbH, Westpreußenstr. 32-38, 47809 Krefeld",
  "ingredients": "Analytische Bestandteile True Country: 10,8% Protein, 6% Fettgehalt, 2,3% Rohasche, 0,4% Rohfaser, 0,32% Calcium, 0,29% Phosphor Wide Savannah: 10,9% Protein, 7,1% Fettgehalt, 2,3% Rohasche , 0,5% Rohfaser, 0,29% Calcium, 0,24% Phosphor Zusammensetzung True Country: 40% Huhn (aus Herzen, Lebern, Mägen, 5% Fleisch, Hälsen, Fett), 28,7% Lachs, 28% Hühnerbrühe, 2% Kartoffeln, 1% Mineralstoffe, 0,1% Lachsöl, 0,1% Spirulina, 0,1% Petersilie   Wide Savannah: 35% Lamm (aus Herzen, Fleisch, Lungen, Lebern), 33,8% Wildschwein (aus Herzen, Lungen, Lebern, Fleisch), 28% Lammbrühe, 2% Süßkartoffeln, 1% Mineralstoffe, 0,1% Leinöl, 0,1% Kaktusfeigen Feuchtegehalt True Country: 79%Wide Savannah: 78% Zusatzstoffe pro kg True Country: Ernährungsphysiologische Zusatzstoffe: Taurin 1500mg, 3b405 (Kupfer) 1mg, 0,75mg 3b202 (Jod), 3b503 (Mangan) 1,4mg, Zink (Zinksulfat, Monohydrat) 25 mg   Wide Savannah: Ernährungsphysiologische Zusatzstoffe: 200IE Vitamin D3, 1500mg Taurin, 1mg 3b405 (Kupfer), 0,75mg Jod (Kalziumjodat, wasserfrei), 1,4mg Mangan (Mangan(II)-sulfat, Monohydrat), 25 mg Zink (Zinksulfat, Monohydrat)",
  "instock": true,
  "retail_limit": "10x"
},
{
  "_id": {
    "$oid": "66bef411a9267700a3bd01dc"
  },
  "unique_id": 1243505,
  "competitor_name": "fressnapf",
  "product_name": "AniOne Kratztonne Aurelio",
  "brand": "AniOne",
  "regular_price": 149,
  "selling_price": 149,
  "currency": "EUR",
  "breadcrumb": "Heimat > Katze > Kratzmöbel > Kratztonnen > AniOne Kratztonne Aurelio",
  "pdp_url": "https://www.fressnapf.at/p/anione-kratztonne-aurelio-1243505/",
  "product_description": "AniOne\nArt.Nr.: 1243505\nDie AniOne Kratztonne Aurelio ist eine robuste Kratztonne im eckigen Design.\nDiese Kratztonne lässt sich hervorragend in jeden Wohnraum integrieren. Dabei kann diese platzsparend in Ecken platziert werden. Eine Montage ist nicht erforderlich. Die gepolsterten Liegeflächen laden Ihren Stubentiger zum Ausruhen, Schlafen und Spielen ein. Der rundum verklebte Sisalteppich bietet große Kratzflächen und lenkt das natürliche Kratzbedürfnis Ihrer Katze von Möbeln auf das Kratzelement um. Die ANIONE Kratztonne Aurelio ist für kleine bis große Katzen geeignet.\nMaterial: Sisalteppich, Plüsch, Pappe und Holz\nFarbe: grau\nMaße (LxBxH): ca. 40x40x100cm\nInverkehrbringer\nMultiFit Tiernahrungs GmbH, Westpreußenstr. 32-38, 47809 Krefeld",
  "material": "Sisalteppich, Plüsch, Pappe und Holz",
  "rating": 2.71,
  "review": 35,
  "distributor_address": "MultiFit Tiernahrungs GmbH, Westpreußenstr. 32-38, 47809 Krefeld",
  "instock": true,
  "retail_limit": "9x"
},
{
  "_id": {
    "$oid": "66bef411a9267700a3bd01dd"
  },
  "unique_id": 1241793,
  "competitor_name": "fressnapf",
  "product_name": "PREMIERE Best Meat Adult Huhn 2x12.5 kg",
  "brand": "PREMIERE",
  "regular_price": 79.98,
  "selling_price": 79.98,
  "price_per_unit": "€3.20/kg",
  "currency": "EUR",
  "breadcrumb": "Heimat > Hund > Hundefutter > Hundetrockenfutter > PREMIERE Best Meat Adult Huhn 2x12,5 kg",
  "pdp_url": "https://www.fressnapf.at/p/premiere-best-meat-adult-huhn-2x125-kg-1241793/",
  "variants": "{'variant': ['Rind']}",
  "product_description": "PREMIERE\nArt.Nr.: 1241793\nPREMIERE Best Meat besitzt einen extra hohen Fleischanteil (40%).\nBEST MEAT Adult enthält besonders viele wertvolle Proteine und ist besonders schmackhaft.\nErlesene Kräuter, Inulin und Vitamin C können eine ausgewogene Darmflora begünstigen und die Abwehrkräfte stärken.\nWertvolle Omega-3- und Omega-6- Fettsäuren können zu einer gesunden Haut und einem glänzenden Fell beitragen. Taurin ist wichtig für die Herzfunktion.\nDie in BEST MEAT Adult enthaltene Yucca schidigera kann auf natürliche Weise zur Verminderung unangenehmer Eigengerüche beitragen.\nDie Vorteile im Überblick:\nder hohe Gehalt an Fleisch ( 40% ) beinhaltet wertvolle Proteine\nreich an frischem Fleisch ( 14% ) für eine gute Akzeptanz\nerlesene Kräuter, Inulin und Vitamin C können Darmflora und Abwehrkräfte stärken\nYucca schidigera kann auf natürliche Weise zur Verminderung unangenehmer Eigengerüche beitragen\nWertvolle Omega-3- und Omega-6- Fettsäuren können zu einer gesunden Haut und einem glänzenden Fell beitragen.\nohne künstliche Farbstoffe und Konservierungsmittel\nmit Taurin für die Herzfunktion\n*Schmeckt nicht? Mit unserer\nQualitätsgarantie\nbekommst du dein Geld zurück und suchst dir einfach ein anderes Futter aus.\nAlleinfuttermittel fürausgewachsene Hunde mittelgroßer und großer Rassen ab 11kg. Weitere Informationen erhalten Sie hier:\ninfo@fressnapf.com\nFütterungsempfehlung\nGewicht des Hundes\nFutterration in g/Tag bei normal aktiven Hunden\nFutterration in g/Tag bei weniger aktiven Hunden\n10kg\n145g\n125g\n15kg\n200g\n170g\n20kg\n245g\n210g\n25kg\n290g\n245g\n30kg\n330g\n285g\n40kg\n415g\n350g\n50kg\n490g\n415g\n60kg\n560g\n470g\nAngaben sind Richtwerte. Der individuelle Bedarf richtet sich nach Rasse, Alter und Aktivität.\nBitte beachten Sie bei der Zufütterung von Snacks eine entsprechende Reduzierung der angegebenen Futtermenge.\nKühl undtrocken lagern. Immer frisches Trinkwasser bereitstellen. Kann Spuren anderer Zutaten enthalten.\nInhaltsstoffe\nAnalytische Bestandteile\nProtein 25%, Fettgehalt 12% Rohasche 7%, Rohfaser 4.5%, Calcium 1,6%, Phosphor 0.9%, Omega-3-Fettsäuren 0,5%, Omega-6-Fettsäuren 1.5%\nZusammensetzung\ngetrocknetes Huhn 26%, Reis 25,5%, getrocknete Kartoffelpülpe 25,5%, frisches Hühnerfleisch 14%, Geflügelfett 2,4%, hydrolysierte Tierproteine (Leber,Herz) 1,5%,Leinsaat 1,4%, Bierhefe 0,2%, Zichorienpülpe 0,2, getrocknet; Inulin 0,1%), Lachsöl 0,1%, Sonnenblumenöl 0,1%, getrocknete Yucca schidigera 0,1%, Oregano 0,008%, Petersilie 0,008%, Marjoran 0,008%, Salbei 0,008%, getrockneter Thymian 0,008%. silie 0,008%, getrockneter Majoran 0,008%, getrockneter Salbei 0,008%, getrockneter Thymian 0,008%\nZusatzstoffe pro kg\nVitamin A 18000 IE, Vitamin D3 1200 IE, Vitamin C (Ascorbinsäure) 250mg, Vitamin E (all-rac-alpha-Tocopherylacetat) 200mg, Taurin 500mg, Kupfer (Kupfer-(II)-sulfat, Pentahydrat ) 10 mg , Eisen (Eisen(II)-sulfat, Monohydrat) 87mg , Jod (Calciumjodat, wasserfrei ) 2,3 mg , Mangan (Mangan-(II)-sulfat, Monohhydrat) 9,3mg , Selen (Selenmethionin aus Saccharomyces cerevisiae CNCM I-339) 0,07mg, Zink (Zinksulfat, Monohydrat) 147mg\nVersandinformationen\nLieferungen erfolgen ab einem Mindestbestellwert von € 19,00 inkl. Mehrwertsteuer nach Abzug von Rabatten.\nWelche Versandkosten fallen für meine Bestellung an?\nWir berechnen € 2,99 bis zu einem Bestellwert von 29,00 €  – unabhängig von der Anzahl der Artikel und der Versandart.\nLieferungen ab 29,00 € werden mit 0,99 € Versandkosten pro Bestellung berechnet. Bei Bestellungen die ein Gesamtgewicht von 31 kg überschreiten, werden je nach Gewicht zwei oder mehrere Pakete versendet (Maximalgewicht pro Paket 31 kg). Für den erhöhten Versandaufwand berechnen wir einmalig zusätzliche Versandkosten in Höhe von 2,99 € pro Bestellung.\nLieferungen sind grundsätzlich nur innerhalb Österreichs möglich.\nDie Lieferzeit beträgt 1-3 Werktage bei Bestellungen bis 16 Uhr.\nKundenbewertungen und -rezensionen verstehen\nProduktbewertungen\nWie funktionieren Bewertungen in der Fressnapf-Gruppe (einschließlich Maxi Zoo)?\nKundenmeinungen in Form von Produkt- und Sternebewertungen sind dienlich für alle Kunden. Sie ermöglichen mehr über das Produkt zu erfahren und helfen bei Kaufentscheidung. Jeder Kunde, der ein Produkt Online oder im Markt erworben hat, kann eine Bewertung abgeben. Wir beziehen zudem Bewertungen aus Dritt-Quellen, z.B. von Hersteller-Seiten. Die Bewertungsherkunft wird an den jeweiligen Rezension ausgewiesen. Für Fressnapf ist das Meinungsbild seiner Kunden wichtig, um Schwachstellen zu analysieren und die Produktqualität zu verbessern. Alle Bewertungen werden durch unseren Dienstleister Bazaarvoice auf Vertrauenswürdigkeit geprüft. Bewertungsinhalte, die gegen die Nutzungsbedingungen der Fressnapf-Gruppe verstoßen, werden abgelehnt. Sonst erfolgt die Veröffentlichung von positiven wie auch negativen Produktbewertungen.\nHier mehr Informationen rund um Produktbewertungen\n.\nWeitere Informationen zur Verarbeitung Ihrer personenbezogenen Daten entnehmen Sie bitte unseren\nDatenschutzhinweisen\n.",
  "rating": 4.73,
  "review": 240,
  "ingredients": "Analytische Bestandteile Protein 25%, Fettgehalt 12% Rohasche 7%, Rohfaser 4.5%, Calcium 1,6%, Phosphor 0.9%, Omega-3-Fettsäuren 0,5%, Omega-6-Fettsäuren 1.5% Zusammensetzung getrocknetes Huhn 26%, Reis 25,5%, getrocknete Kartoffelpülpe 25,5%, frisches Hühnerfleisch 14%, Geflügelfett 2,4%, hydrolysierte Tierproteine (Leber,Herz) 1,5%,Leinsaat 1,4%, Bierhefe 0,2%, Zichorienpülpe 0,2, getrocknet; Inulin 0,1%), Lachsöl 0,1%, Sonnenblumenöl 0,1%, getrocknete Yucca schidigera 0,1%, Oregano 0,008%, Petersilie 0,008%, Marjoran 0,008%, Salbei 0,008%, getrockneter Thymian 0,008%. silie 0,008%, getrockneter Majoran 0,008%, getrockneter Salbei 0,008%, getrockneter Thymian 0,008% Zusatzstoffe pro kg Vitamin A 18000 IE, Vitamin D3 1200 IE, Vitamin C (Ascorbinsäure) 250mg, Vitamin E (all-rac-alpha-Tocopherylacetat) 200mg, Taurin 500mg, Kupfer (Kupfer-(II)-sulfat, Pentahydrat ) 10 mg , Eisen (Eisen(II)-sulfat, Monohydrat) 87mg , Jod (Calciumjodat, wasserfrei ) 2,3 mg , Mangan (Mangan-(II)-sulfat, Monohhydrat) 9,3mg , Selen (Selenmethionin aus Saccharomyces cerevisiae CNCM I-339) 0,07mg, Zink (Zinksulfat, Monohydrat) 147mg",
  "instock": true,
  "retail_limit": "10x"
},
{
  "_id": {
    "$oid": "66bef411a9267700a3bd01de"
  },
  "unique_id": 1083967002,
  "competitor_name": "fressnapf",
  "product_name": "PREMIERE Best Meat Adult Huhn 1 kg",
  "brand": "PREMIERE",
  "regular_price": 5.99,
  "selling_price": 5.99,
  "price_per_unit": "€5.99/kg",
  "currency": "EUR",
  "breadcrumb": "Heimat > Hund > Hundefutter > Hundetrockenfutter > PREMIERE Best Meat Adult Huhn 1 kg",
  "pdp_url": "https://www.fressnapf.at/p/premiere-best-meat-adult-huhn-1-kg-1083967002/",
  "variants": "{'variant': ['Rind']}",
  "product_description": "PREMIERE\nArt.Nr.: 1083967002\nPREMIERE Best Meat besitzt einen extra hohen Fleischanteil (40%).\nBEST MEAT Adult enthält besonders viele wertvolle Proteine und ist besonders schmackhaft.\nErlesene Kräuter, Inulin und Vitamin C können eine ausgewogene Darmflora begünstigen und die Abwehrkräfte stärken.\nWertvolle Omega-3- und Omega-6- Fettsäuren können zu einer gesunden Haut und einem glänzenden Fell beitragen. Taurin ist wichtig für die Herzfunktion.\nDie in BEST MEAT Adult enthaltene Yucca schidigera kann auf natürliche Weise zur Verminderung unangenehmer Eigengerüche beitragen.\nDie Vorteile im Überblick:\nder hohe Gehalt an Fleisch ( 40% ) beinhaltet wertvolle Proteine\nreich an frischem Fleisch ( 14% ) für eine gute Akzeptanz\nerlesene Kräuter, Inulin und Vitamin C können Darmflora und Abwehrkräfte stärken\nYucca schidigera kann auf natürliche Weise zur Verminderung unangenehmer Eigengerüche beitragen\nWertvolle Omega-3- und Omega-6- Fettsäuren können zu einer gesunden Haut und einem glänzenden Fell beitragen.\nohne künstliche Farbstoffe und Konservierungsmittel\nmit Taurin für die Herzfunktion\n*Schmeckt nicht? Mit unserer\nQualitätsgarantie\nbekommst du dein Geld zurück und suchst dir einfach ein anderes Futter aus.\nAlleinfuttermittel fürausgewachsene Hunde mittelgroßer und großer Rassen ab 11kg. Weitere Informationen erhalten Sie hier:\ninfo@fressnapf.com\nFütterungsempfehlung\nAngaben sind Richtwerte. Der individuelle Bedarf richtet sich nach Rasse, Alter und Aktivität.\nBitte beachten Sie bei der Zufütterung von Snacks eine entsprechende Reduzierung der angegebenen Futtermenge.\nKühl undtrocken lagern. Immer frisches Trinkwasser bereitstellen. Kann Spuren anderer Zutaten enthalten.\nGewicht des Hundes\nFutterration in g/Tag bei normal aktiven Hunden\nFutterration in g/Tag bei weniger aktiven Hunden\n10kg\n145g\n125g\n15kg\n200g\n170g\n20kg\n245g\n210g\n25kg\n290g\n245g\n30kg\n330g\n285g\n40kg\n415g\n350g\n50kg\n490g\n415g\n60kg\n560g\n470g\nInhaltsstoffe\nAnalytische Bestandteile\nProtein 25%, Fettgehalt 12% Rohasche 7%, Rohfaser 4.5%, Calcium 1,6%, Phosphor 0.9%, Omega-3-Fettsäuren 0,5%, Omega-6-Fettsäuren 1.5%\nZusammensetzung\ngetrocknetes Huhn 26%, Reis 25,5%, getrocknete Kartoffelpülpe 25,5%, frisches Hühnerfleisch 14%, Geflügelfett 2,4%, hydrolysierte Tierproteine (Leber,Herz) 1,5%,Leinsaat 1,4%, Bierhefe 0,2%, Zichorienpülpe 0,2, getrocknet; Inulin 0,1%), Lachsöl 0,1%, Sonnenblumenöl 0,1%, getrocknete Yucca schidigera 0,1%, Oregano 0,008%, Petersilie 0,008%, Marjoran 0,008%, Salbei 0,008%, getrockneter Thymian 0,008%. silie 0,008%, getrockneter Majoran 0,008%, getrockneter Salbei 0,008%, getrockneter Thymian 0,008%\nZusatzstoffe pro kg\nVitamin A 18000 IE, Vitamin D3 1200 IE, Vitamin C (Ascorbinsäure) 250mg, Vitamin E (all-rac-alpha-Tocopherylacetat) 200mg, Taurin 500mg, Kupfer (Kupfer-(II)-sulfat, Pentahydrat ) 10 mg , Eisen (Eisen(II)-sulfat, Monohydrat) 87mg , Jod (Calciumjodat, wasserfrei ) 2,3 mg , Mangan (Mangan-(II)-sulfat, Monohhydrat) 9,3mg , Selen (Selenmethionin aus Saccharomyces cerevisiae CNCM I-339) 0,07mg, Zink (Zinksulfat, Monohydrat) 147mg\nVersandinformationen\nLieferungen erfolgen ab einem Mindestbestellwert von € 19,00 inkl. Mehrwertsteuer nach Abzug von Rabatten.\nWelche Versandkosten fallen für meine Bestellung an?\nWir berechnen € 2,99 bis zu einem Bestellwert von 29,00 €  – unabhängig von der Anzahl der Artikel und der Versandart.\nLieferungen ab 29,00 € werden mit 0,99 € Versandkosten pro Bestellung berechnet. Bei Bestellungen die ein Gesamtgewicht von 31 kg überschreiten, werden je nach Gewicht zwei oder mehrere Pakete versendet (Maximalgewicht pro Paket 31 kg). Für den erhöhten Versandaufwand berechnen wir einmalig zusätzliche Versandkosten in Höhe von 2,99 € pro Bestellung.\nLieferungen sind grundsätzlich nur innerhalb Österreichs möglich.\nDie Lieferzeit beträgt 1-3 Werktage bei Bestellungen bis 16 Uhr.\nKundenbewertungen und -rezensionen verstehen\nProduktbewertungen\nWie funktionieren Bewertungen in der Fressnapf-Gruppe (einschließlich Maxi Zoo)?\nKundenmeinungen in Form von Produkt- und Sternebewertungen sind dienlich für alle Kunden. Sie ermöglichen mehr über das Produkt zu erfahren und helfen bei Kaufentscheidung. Jeder Kunde, der ein Produkt Online oder im Markt erworben hat, kann eine Bewertung abgeben. Wir beziehen zudem Bewertungen aus Dritt-Quellen, z.B. von Hersteller-Seiten. Die Bewertungsherkunft wird an den jeweiligen Rezension ausgewiesen. Für Fressnapf ist das Meinungsbild seiner Kunden wichtig, um Schwachstellen zu analysieren und die Produktqualität zu verbessern. Alle Bewertungen werden durch unseren Dienstleister Bazaarvoice auf Vertrauenswürdigkeit geprüft. Bewertungsinhalte, die gegen die Nutzungsbedingungen der Fressnapf-Gruppe verstoßen, werden abgelehnt. Sonst erfolgt die Veröffentlichung von positiven wie auch negativen Produktbewertungen.\nHier mehr Informationen rund um Produktbewertungen\n.\nWeitere Informationen zur Verarbeitung Ihrer personenbezogenen Daten entnehmen Sie bitte unseren\nDatenschutzhinweisen\n.",
  "rating": 4.73,
  "review": 240,
  "ingredients": "Analytische Bestandteile Protein 25%, Fettgehalt 12% Rohasche 7%, Rohfaser 4.5%, Calcium 1,6%, Phosphor 0.9%, Omega-3-Fettsäuren 0,5%, Omega-6-Fettsäuren 1.5% Zusammensetzung getrocknetes Huhn 26%, Reis 25,5%, getrocknete Kartoffelpülpe 25,5%, frisches Hühnerfleisch 14%, Geflügelfett 2,4%, hydrolysierte Tierproteine (Leber,Herz) 1,5%,Leinsaat 1,4%, Bierhefe 0,2%, Zichorienpülpe 0,2, getrocknet; Inulin 0,1%), Lachsöl 0,1%, Sonnenblumenöl 0,1%, getrocknete Yucca schidigera 0,1%, Oregano 0,008%, Petersilie 0,008%, Marjoran 0,008%, Salbei 0,008%, getrockneter Thymian 0,008%. silie 0,008%, getrockneter Majoran 0,008%, getrockneter Salbei 0,008%, getrockneter Thymian 0,008% Zusatzstoffe pro kg Vitamin A 18000 IE, Vitamin D3 1200 IE, Vitamin C (Ascorbinsäure) 250mg, Vitamin E (all-rac-alpha-Tocopherylacetat) 200mg, Taurin 500mg, Kupfer (Kupfer-(II)-sulfat, Pentahydrat ) 10 mg , Eisen (Eisen(II)-sulfat, Monohydrat) 87mg , Jod (Calciumjodat, wasserfrei ) 2,3 mg , Mangan (Mangan-(II)-sulfat, Monohhydrat) 9,3mg , Selen (Selenmethionin aus Saccharomyces cerevisiae CNCM I-339) 0,07mg, Zink (Zinksulfat, Monohydrat) 147mg",
  "instock": true,
  "retail_limit": "10x"
},
{
  "_id": {
    "$oid": "66bef411a9267700a3bd01df"
  },
  "unique_id": 1338117,
  "competitor_name": "fressnapf",
  "product_name": "SELECT GOLD Sensitive Adult 12x100g Pferd mit Tapioka",
  "brand": "SELECT GOLD",
  "regular_price": 17.88,
  "selling_price": 17.88,
  "price_per_unit": "€14.90/kg",
  "currency": "EUR",
  "breadcrumb": "Heimat > Hund > Hundefutter > Hundenassfutter > SELECT GOLD Sensitive Adult 12x100g Pferd mit Tapioka",
  "pdp_url": "https://www.fressnapf.at/p/select-gold-sensitive-adult-12x100g-pferd-mit-tapioka-1338117/",
  "product_description": "SELECT GOLD\nArt.Nr.: 1338117\nSELECT GOLD Sensitive Adult enthält gut bekömmliche Zutaten und eignet sich daher besonders für ernährungssensible Hunde sowie bei Futtermittelunverträglichkeiten.\nSELECT GOLD Sensitive Adult  ist eine speziell entwickelte, ausgewogene Premium-Nassnahrung.\nDie hochwertige Rezeptur zeichnet sich durch wenige gut verträgliche Zutaten und nur 1 ausgewählten tierischen Proteinquelle aus.\nBei der Entwicklung dieser Premium-Rezeptur wurden die ernährungsphysiologischen Anforderungen von ausgewachsenen Hunden gezielt berücksichtigt.\nDie Vorteile im Überblick:\nideal für ernährungssensible Hunde\nExtra für kleine Hunde: Angepasster Energiegehalt\nMit ausgewählten Proteinquellen für ernährungssensible Hunde\nGetreidefreie Rezeptur (Sorten mit Kartoffel) oder weizenfreie Rezeptur (Sorten mit Reis)\nPrebiotisch wirkende Fructo-Oligosaccharide (FOS) fördern den Aufbau und Erhalt einer stabilen Darmflora. Eine optimale Verdauung kann somit unterstützt werden.\nOhne Verwendung von Konservierungsmitteln, Farb- und Geschmacksstoffen.\nOhne Zusatz von Zucker und Soja\nMöchtest du mehr über die Produkte von SELECT GOLD für Hunde erfahren? Tauche\nhier\nin die Welt der Produktvielfalt von SELECT GOLD ein!-\nAlleinfuttermittel für ausgewachsene Hunde≥ 1 Jahr, weitere Informationen erhalten Sie hier:info@fressnapf.com\nMehr Produktinfos\nInverkehrbringer\nMultiFit Tiernahrungs GmbH, Westpreußenstr. 32-38, 47809 Krefeld",
  "rating": 4.4,
  "review": 58,
  "distributor_address": "MultiFit Tiernahrungs GmbH, Westpreußenstr. 32-38, 47809 Krefeld",
  "ingredients": "Analytische Bestandteile Protein 10%, Fett 9%, Asche 2,3%, Faser 0,5%, Calcium 0,20%, Phosphor 0,16%, Energiegehalt 487 kJ / 116 kcal. Zusammensetzung Pferd (aus 40% Fleisch, Lungen, Lebern, Herzen) 68%, Tapioka 4%, Mineralstoffe 1%, Sonnenblumenöl 0,2%, Fructo-Oligosaccharide 0,2%, Rapsöl 0,1% Feuchtegehalt 78%. Zusatzstoffe pro kg Vitamin A 3000IE, Vitamin D3 200IE, Jod (3b202) 0,75mg, Mangan (3b503) 1,4mg, Zink (3b605) 25mg, Kupfer (3b405) 0,5mg, Biotin 300μg",
  "instock": true,
  "retail_limit": "10x"
},
{
  "_id": {
    "$oid": "66bef411a9267700a3bd01e0"
  },
  "unique_id": 1128300002,
  "competitor_name": "fressnapf",
  "product_name": "HAPPY DOG Supreme Sensible Mini Africa 1 kg",
  "brand": "HAPPY DOG",
  "regular_price": 7.99,
  "selling_price": 7.99,
  "price_per_unit": "€7.99/kg",
  "currency": "EUR",
  "breadcrumb": "Heimat > Hund > Hundefutter > Hundetrockenfutter > HAPPY DOG Supreme Sensible Mini Africa 1 kg",
  "pdp_url": "https://www.fressnapf.at/p/happy-dog-supreme-sensible-mini-africa-1-kg-1128300002/",
  "product_description": "HAPPY DOG\nArt.Nr.: 1128300002\nVollnahrung mit extra kleinen Kroketten für sensible Feinschmecker kleiner Rassen. Ohne Getreide, mit afrikanischem Strauß als einzige tierische Proteinquelle. Geeignet für Allergiker.\nVerwöhnen Sie Ihren Vierbeiner mit unserem Premium-Hundefutter Happy Dog Supreme Sensible Mini Africa. Als glutenfreies und getreidefreies Hundefutter mit ausgewählten Proteinen ist dieses Hundetrockenfutter hervorragend geeignet für Feinschmecker und Sensibelchen. Exotischer Strauß und glutenfreie Kartoffel machen Supreme Sensible Mini Africa zu einem ausgewogenen und guten Trockenfutter für Hunde mit Allergien und Futterunverträglichkeiten. Der Energiegehalt und die Krokettengröße des Trockenfutters sind speziell an kleine Hunderassen angepasst.\nDie außergewöhnlich schmackhafte Premium-Vollnahrung Happy Dog Mini Africa ist ideal für alle anspruchsvollen kleinen Feinschmecker, die das ganz Besondere suchen oder sehr wählerisch sind. Es eignet sich auch besonders für ernährungssensible Hunde kleiner Rassen mit ihren speziellen Bedürfnissen: Denn Happy Dog Mini Africa vereint Strauß & Kartoffel zu einer einzigartigen Rezeptur. Strauß ist eine sehr seltene Proteinquelle und damit ideal für Hunde mit Nahrungsmittelintoleranzen.\nKartoffeln enthalten kein Gluten und sind für Tiere mit Getreideunverträglichkeiten zu empfehlen. Wertvolle Omega-3 und Omega-6 Fettsäuren – wichtig für eine gesunde Haut und ein glänzendes Fell – runden die exklusive Rezeptur ab. Die extra kleinen Kroketten sind optimal auf das Gebiss kleiner Hunderassen abgestimmt.\nDie Vorteile von Happy Dog Supreme Sensible Mini Africa im Überblick:\nHöchste Verdaulichkeit\nTierärztlich empfohlen bei Futtermittelunverträglichkeiten\nMit Kartoffel statt Getreide - ideal für besonders sensible Hunde\nAusgewähltes Protein - mit Strauß aus Afrika\nQualität aus Deutschland - Made in Germany\nAus hochwertigen Zutaten und Rohstoffen von heimischen Landwirten\nOhne Soja hergestellt\nOhne künstliche Farb-, Aroma- und Konservierungsstoffe sowie ohne genetisch veränderten Rohstoffen\nOhne Tierversuche hergestellt sondern rein auf Basis von ernährungsphysiologischen Erkenntnissen\nDurch strenge und unabhängige Kontrollen geprüft\nAlleinfuttermittel für ausgewachsene Hunde. Weitere Informationen erhalten Sie hier: service@happydog.de\nInverkehrbringer\nInterquell GmbH, Südliche Hauptstr. 38, 86517 Wehringen",
  "rating": 4.7,
  "review": 40,
  "distributor_address": "Interquell GmbH, Südliche Hauptstr. 38, 86517 Wehringen",
  "ingredients": "Analytische Bestandteile Rohprotein 23,0%, Rohfett 12,0%, Rohfaser 3,0%, Rohasche 7,5%, Calcium 1,3%, Phosphor 0,95%, Natrium 0,35%, Omega-6-Fettsäuren 2,8%, Omega-3-Fettsäuren 0,3%. Zusammensetzung Kartoffelflocken1 (48%), Straußenprotein1 (18%), Kartoffelprotein1, Geflügelfett, Sonnenblumenöl, Leberhydrolisat, Rübenmelasseschnitzel1 (entzuckert), Apfeltrester1 (0,8%), Rapsöl, Meersalz, Hefe1 (extrahiert). (1 getrocknet)Verdauliche Energie: 1650 KJ/100g; 3950 Kcal/kg Feuchtegehalt max 10% Zusatzstoffe pro kg Ernährungsphysiologische Zusatzstoffe: Vitamin A (E672) 12000 I.E., Vitamin D3 (E671) 1200 I.E., Vitamin E (all rac-alpha-Tocopherylacetat 3a700) 75 mg, Vitamin B1 (Thiaminmononitrat) 4 mg, Vitamin B2 (Riboflavin) 6 mg, Vitamin B6 (Pyridoxinhydrochlorid 3a831) 4 mg, D-(+)-Biotin 575 mcg, Calcium-D-Pantothenat 10 mg, Niacin 40 mg, Vitamin B12 70 mcg, Cholinchlorid 60 mg, Eisen (E1, Eisen(II)sulfat, Monohydrat) 105 mg, Kupfer (E4, Kupfer(II)sulfat, Pentahydrat) 12 mg, Zink (E6, Zinkoxid, Aminosäure-Zinkchelat, Hydrat) 125 mg, Mangan (E5, Mangan(II)oxid) 25 mg, Jod (E2, Calciumjodat, wasserfrei) 2 mg, Selen (E8, Natriumselenit) 0,15 mg. Aminosäuren / kg: DL-Methionin 2700 mg.Technologische Zusatzstoffe: Antioxidationsmittel, stark tocopherolhaltige Extrakte natürlichen Ursprungs.",
  "instock": true,
  "retail_limit": "10x"
},
{
  "_id": {
    "$oid": "66bef411a9267700a3bd01e1"
  },
  "unique_id": 1243360,
  "competitor_name": "fressnapf",
  "product_name": "PREMIERE Meati Sensitive Rind & Kartoffel 6x400 g",
  "brand": "PREMIERE",
  "regular_price": 14.34,
  "selling_price": 14.34,
  "price_per_unit": "€5.98/kg",
  "currency": "EUR",
  "breadcrumb": "Heimat > Hund > Hundefutter > Hundenassfutter > PREMIERE Meati Sensitive Rind & Kartoffel 6x400 g",
  "pdp_url": "https://www.fressnapf.at/p/premiere-meati-sensitive-rind--kartoffel-6x400-g-1243360/",
  "variants": "{'variant': ['Rind pur', 'Lamm pur', 'Huhn & Kartoffel', 'Lamm & Kartoffel', 'Pferd & Kartoffeln', 'Ente pur', 'Pferd pur', 'Huhn pur']}",
  "product_description": "PREMIERE\nArt.Nr.: 1243360\nPREMIERE Meati Sensitive - für ernährungssensible Hunde sowie bei Futtermittelunverträglichkeiten\nBesonders abgestimmtes Nassfutter, das sich durch folgende Vorteile auszeichnet:\nNur ein ausgewähltes Protein in der Rezeptur\nDie\nPur-Sorten\nohne pflanzliche Kohlenhydrate eignen sich besonders für Hunde, die auf Reis, Getreide oder Kartoffeln reagieren\nFür ernährungssensible Hunde geeignet\nHergestellt in Deutschland\nDie getreide- und glutenfreie Rezeptur trägt zur Schonung des Magen-Darm-Trakts und zu einer optimalen Verdauung bei und ist ideal bei Futtermittelunverträglichkeiten.\n*Schmeckt nicht? Mit unserer\nQualitätsgarantie\nbekommst du dein Geld zurück und suchst dir einfach ein anderes Futter aus.\nAlleinfuttermittel für ausgewachsene, ernährungssensible Hunde, weitere Informationen erhalten Sie hier: info@fressnapf.com\nFütterungsempfehlung\nGewicht des Tieres\nFuttermenge pro Tag\n5 kg\n240 g\n7 kg\n310 g\n10 kg\n400 g\n15 kg\n540 g\n20 kg\n670 g\nInhaltsstoffe\nAnalytische Bestandteile\nProtein 10,9%, Fettgehalt 7%, Rohasche 2,4%, Rohfaser 0,5%, Calcium 0,3%, Phosphor 0,25%\nZusammensetzung\n60% Rind (Herzen, Lebern, Lungen, 15% Muskelfleisch, Pansen), 7% Kartoffel, 1% Mineralstoffe, 0,5% Leinöl\nFeuchtegehalt\n75%\nZusatzstoffe pro kg\nErnährungsphysiologische Zusatzstoffe/kg: Vitamin D3 200 IE, Jod (Kalziumjodat, wasserfrei) 0,75mg, Mangan (Mangan(II)-sulfat, Monohydrat) 1,4mg, Zink (Zinksulfat, Monohydrat) 25mg\nVersandinformationen\nLieferungen erfolgen ab einem Mindestbestellwert von € 19,00 inkl. Mehrwertsteuer nach Abzug von Rabatten.\nWelche Versandkosten fallen für meine Bestellung an?\nWir berechnen € 2,99 bis zu einem Bestellwert von 29,00 €  – unabhängig von der Anzahl der Artikel und der Versandart.\nLieferungen ab 29,00 € werden mit 0,99 € Versandkosten pro Bestellung berechnet. Bei Bestellungen die ein Gesamtgewicht von 31 kg überschreiten, werden je nach Gewicht zwei oder mehrere Pakete versendet (Maximalgewicht pro Paket 31 kg). Für den erhöhten Versandaufwand berechnen wir einmalig zusätzliche Versandkosten in Höhe von 2,99 € pro Bestellung.\nLieferungen sind grundsätzlich nur innerhalb Österreichs möglich.\nDie Lieferzeit beträgt 1-3 Werktage bei Bestellungen bis 16 Uhr.\nKundenbewertungen und -rezensionen verstehen\nProduktbewertungen\nWie funktionieren Bewertungen in der Fressnapf-Gruppe (einschließlich Maxi Zoo)?\nKundenmeinungen in Form von Produkt- und Sternebewertungen sind dienlich für alle Kunden. Sie ermöglichen mehr über das Produkt zu erfahren und helfen bei Kaufentscheidung. Jeder Kunde, der ein Produkt Online oder im Markt erworben hat, kann eine Bewertung abgeben. Wir beziehen zudem Bewertungen aus Dritt-Quellen, z.B. von Hersteller-Seiten. Die Bewertungsherkunft wird an den jeweiligen Rezension ausgewiesen. Für Fressnapf ist das Meinungsbild seiner Kunden wichtig, um Schwachstellen zu analysieren und die Produktqualität zu verbessern. Alle Bewertungen werden durch unseren Dienstleister Bazaarvoice auf Vertrauenswürdigkeit geprüft. Bewertungsinhalte, die gegen die Nutzungsbedingungen der Fressnapf-Gruppe verstoßen, werden abgelehnt. Sonst erfolgt die Veröffentlichung von positiven wie auch negativen Produktbewertungen.\nHier mehr Informationen rund um Produktbewertungen\n.\nWeitere Informationen zur Verarbeitung Ihrer personenbezogenen Daten entnehmen Sie bitte unseren\nDatenschutzhinweisen\n.",
  "rating": 4.32,
  "review": 314,
  "ingredients": "Analytische Bestandteile Protein 10,9%, Fettgehalt 7%, Rohasche 2,4%, Rohfaser 0,5%, Calcium 0,3%, Phosphor 0,25% Zusammensetzung 60% Rind (Herzen, Lebern, Lungen, 15% Muskelfleisch, Pansen), 7% Kartoffel, 1% Mineralstoffe, 0,5% Leinöl Feuchtegehalt 75% Zusatzstoffe pro kg Ernährungsphysiologische Zusatzstoffe/kg: Vitamin D3 200 IE, Jod (Kalziumjodat, wasserfrei) 0,75mg, Mangan (Mangan(II)-sulfat, Monohydrat) 1,4mg, Zink (Zinksulfat, Monohydrat) 25mg",
  "instock": true,
  "retail_limit": "10x"
},
{
  "_id": {
    "$oid": "66bef411a9267700a3bd01e2"
  },
  "unique_id": 1243359,
  "competitor_name": "fressnapf",
  "product_name": "PREMIERE Meati Sensitive Rind pur 6x400 g",
  "brand": "PREMIERE",
  "regular_price": 14.34,
  "selling_price": 14.34,
  "price_per_unit": "€5.98/kg",
  "currency": "EUR",
  "breadcrumb": "Heimat > Hund > Hundefutter > Hundenassfutter > PREMIERE Meati Sensitive Rind pur 6x400 g",
  "pdp_url": "https://www.fressnapf.at/p/premiere-meati-sensitive-rind-pur-6x400-g-1243359/",
  "variants": "{'variant': ['Pferd pur', 'Huhn & Kartoffel', 'Pferd & Kartoffeln', 'Lamm & Kartoffel', 'Lamm pur', 'Huhn pur', 'Ente pur', 'Rind & Kartoffel']}",
  "product_description": "PREMIERE\nArt.Nr.: 1243359\nPREMIERE Meati Sensitive - für ernährungssensible Hunde sowie bei Futtermittelunverträglichkeiten\nBesonders abgestimmtes Nassfutter, das sich durch folgende Vorteile auszeichnet:\nNur ein ausgewähltes Protein in der Rezeptur\nDie\nPur-Sorten\nohne pflanzliche Kohlenhydrate eignen sich besonders für Hunde, die auf Reis, Getreide oder Kartoffeln reagieren\nFür ernährungssensible Hunde geeignet\nHergestellt in Deutschland\nDie getreide- und glutenfreie Rezeptur trägt zur Schonung des Magen-Darm-Trakts und zu einer optimalen Verdauung bei und ist ideal bei Futtermittelunverträglichkeiten.\n*Schmeckt nicht? Mit unserer\nQualitätsgarantie\nbekommst du dein Geld zurück und suchst dir einfach ein anderes Futter aus.\nAlleinfuttermittel für ausgewachsene, ernährungssensible Hunde, weitere Informationen erhalten Sie hier: info@fressnapf.com\nFütterungsempfehlung\nGewicht des Tieres\nFuttermenge pro Tag\n5 kg\n240 g\n7 kg\n310 g\n10 kg\n400 g\n15 kg\n540 g\n20 kg\n670 g\nInhaltsstoffe\nAnalytische Bestandteile\nProtein 11,2%, Fettgehalt 7,2%, Rohasche 2,2%, Rohfaser 0,3%, Calcium 0,3%, Phosphor 0,25%\nZusammensetzung\n65% Rind (Herzen, 15% Muskelfleisch, Lebern, Lungen, Pansen), 1% Mineralstoffe, 0,5% Leinöl\nFeuchtegehalt\n75%\nZusatzstoffe pro kg\nErnährungsphysiologische Zusatzstoffe/kg: Vitamin D3 200 IE, Jod (Kalziumjodat, wasserfrei) 0,75mg, Mangan (Mangan(II)-sulfat, Monohydrat) 1,4mg, Zink (Zinksulfat, Monohydrat) 25mg Kann Spuren anderer Zutaten enthalten.\nVersandinformationen\nLieferungen erfolgen ab einem Mindestbestellwert von € 19,00 inkl. Mehrwertsteuer nach Abzug von Rabatten.\nWelche Versandkosten fallen für meine Bestellung an?\nWir berechnen € 2,99 bis zu einem Bestellwert von 29,00 €  – unabhängig von der Anzahl der Artikel und der Versandart.\nLieferungen ab 29,00 € werden mit 0,99 € Versandkosten pro Bestellung berechnet. Bei Bestellungen die ein Gesamtgewicht von 31 kg überschreiten, werden je nach Gewicht zwei oder mehrere Pakete versendet (Maximalgewicht pro Paket 31 kg). Für den erhöhten Versandaufwand berechnen wir einmalig zusätzliche Versandkosten in Höhe von 2,99 € pro Bestellung.\nLieferungen sind grundsätzlich nur innerhalb Österreichs möglich.\nDie Lieferzeit beträgt 1-3 Werktage bei Bestellungen bis 16 Uhr.\nKundenbewertungen und -rezensionen verstehen\nProduktbewertungen\nWie funktionieren Bewertungen in der Fressnapf-Gruppe (einschließlich Maxi Zoo)?\nKundenmeinungen in Form von Produkt- und Sternebewertungen sind dienlich für alle Kunden. Sie ermöglichen mehr über das Produkt zu erfahren und helfen bei Kaufentscheidung. Jeder Kunde, der ein Produkt Online oder im Markt erworben hat, kann eine Bewertung abgeben. Wir beziehen zudem Bewertungen aus Dritt-Quellen, z.B. von Hersteller-Seiten. Die Bewertungsherkunft wird an den jeweiligen Rezension ausgewiesen. Für Fressnapf ist das Meinungsbild seiner Kunden wichtig, um Schwachstellen zu analysieren und die Produktqualität zu verbessern. Alle Bewertungen werden durch unseren Dienstleister Bazaarvoice auf Vertrauenswürdigkeit geprüft. Bewertungsinhalte, die gegen die Nutzungsbedingungen der Fressnapf-Gruppe verstoßen, werden abgelehnt. Sonst erfolgt die Veröffentlichung von positiven wie auch negativen Produktbewertungen.\nHier mehr Informationen rund um Produktbewertungen\n.\nWeitere Informationen zur Verarbeitung Ihrer personenbezogenen Daten entnehmen Sie bitte unseren\nDatenschutzhinweisen\n.",
  "rating": 4.32,
  "review": 314,
  "ingredients": "Analytische Bestandteile Protein 11,2%, Fettgehalt 7,2%, Rohasche 2,2%, Rohfaser 0,3%, Calcium 0,3%, Phosphor 0,25% Zusammensetzung 65% Rind (Herzen, 15% Muskelfleisch, Lebern, Lungen, Pansen), 1% Mineralstoffe, 0,5% Leinöl Feuchtegehalt 75% Zusatzstoffe pro kg Ernährungsphysiologische Zusatzstoffe/kg: Vitamin D3 200 IE, Jod (Kalziumjodat, wasserfrei) 0,75mg, Mangan (Mangan(II)-sulfat, Monohydrat) 1,4mg, Zink (Zinksulfat, Monohydrat) 25mg Kann Spuren anderer Zutaten enthalten.",
  "instock": true,
  "retail_limit": "10x"
},
{
  "_id": {
    "$oid": "66bef411a9267700a3bd01e3"
  },
  "unique_id": 1243361,
  "competitor_name": "fressnapf",
  "product_name": "PREMIERE Meati Sensitive Lamm pur 6x400 g",
  "brand": "PREMIERE",
  "regular_price": 14.34,
  "selling_price": 14.34,
  "price_per_unit": "€5.98/kg",
  "currency": "EUR",
  "breadcrumb": "Heimat > Hund > Hundefutter > Hundenassfutter > PREMIERE Meati Sensitive Lamm pur 6x400 g",
  "pdp_url": "https://www.fressnapf.at/p/premiere-meati-sensitive-lamm-pur-6x400-g-1243361/",
  "variants": "{'variant': ['Huhn pur', 'Rind & Kartoffel', 'Pferd pur', 'Rind pur', 'Pferd & Kartoffeln', 'Huhn & Kartoffel', 'Lamm & Kartoffel', 'Ente pur']}",
  "product_description": "PREMIERE\nArt.Nr.: 1243361\nPREMIERE Meati Sensitive - für ernährungssensible Hunde sowie bei Futtermittelunverträglichkeiten\nBesonders abgestimmtes Nassfutter, das sich durch folgende Vorteile auszeichnet:\nNur ein ausgewähltes Protein in der Rezeptur\nDie\nPur-Sorten\nohne pflanzliche Kohlenhydrate eignen sich besonders für Hunde, die auf Reis, Getreide oder Kartoffeln reagieren\nFür ernährungssensible Hunde geeignet\nHergestellt in Deutschland\nDie getreide- und glutenfreie Rezeptur trägt zur Schonung des Magen-Darm-Trakts und zu einer optimalen Verdauung bei und ist ideal bei Futtermittelunverträglichkeiten.\n*Schmeckt nicht? Mit unserer\nQualitätsgarantie\nbekommst du dein Geld zurück und suchst dir einfach ein anderes Futter aus.\nAlleinfuttermittel für ausgewachsene, ernährungssensible Hunde, weitere Informationen erhalten Sie hier: info@fressnapf.com\nFütterungsempfehlung\nGewicht des Tieres\nFuttermenge pro Tag\n5 kg\n240 g\n7 kg\n310 g\n10 kg\n400 g\n15 kg\n540 g\n20 kg\n670 g\nInhaltsstoffe\nAnalytische Bestandteile\nProtein 11,1%, Fettgehalt 7,3%, Rohasche 2,3%, Rohfaser 0,3%, Calcium 0,3%, Phosphor 0,25%.\nZusammensetzung\n65% Lamm (Herzen, 15% Muskelfleisch, Lebern, Lungen, Pansen), 1% Mineralstoffe, 0,5% Leinöl\nFeuchtegehalt\n75%\nZusatzstoffe pro kg\nErnährungsphysiologische Zusatzstoffe/kg: Vitamin D3 200 IE, Jod (Kalziumjodat, wasserfrei) 0,75mg, Mangan (Mangan(II)-sulfat, Monohydrat) 1,4mg, Zink (Zinksulfat, Monohydrat) 25mg Kann Spuren anderer Zutaten enthalten\nVersandinformationen\nLieferungen erfolgen ab einem Mindestbestellwert von € 19,00 inkl. Mehrwertsteuer nach Abzug von Rabatten.\nWelche Versandkosten fallen für meine Bestellung an?\nWir berechnen € 2,99 bis zu einem Bestellwert von 29,00 €  – unabhängig von der Anzahl der Artikel und der Versandart.\nLieferungen ab 29,00 € werden mit 0,99 € Versandkosten pro Bestellung berechnet. Bei Bestellungen die ein Gesamtgewicht von 31 kg überschreiten, werden je nach Gewicht zwei oder mehrere Pakete versendet (Maximalgewicht pro Paket 31 kg). Für den erhöhten Versandaufwand berechnen wir einmalig zusätzliche Versandkosten in Höhe von 2,99 € pro Bestellung.\nLieferungen sind grundsätzlich nur innerhalb Österreichs möglich.\nDie Lieferzeit beträgt 1-3 Werktage bei Bestellungen bis 16 Uhr.\nKundenbewertungen und -rezensionen verstehen\nProduktbewertungen\nWie funktionieren Bewertungen in der Fressnapf-Gruppe (einschließlich Maxi Zoo)?\nKundenmeinungen in Form von Produkt- und Sternebewertungen sind dienlich für alle Kunden. Sie ermöglichen mehr über das Produkt zu erfahren und helfen bei Kaufentscheidung. Jeder Kunde, der ein Produkt Online oder im Markt erworben hat, kann eine Bewertung abgeben. Wir beziehen zudem Bewertungen aus Dritt-Quellen, z.B. von Hersteller-Seiten. Die Bewertungsherkunft wird an den jeweiligen Rezension ausgewiesen. Für Fressnapf ist das Meinungsbild seiner Kunden wichtig, um Schwachstellen zu analysieren und die Produktqualität zu verbessern. Alle Bewertungen werden durch unseren Dienstleister Bazaarvoice auf Vertrauenswürdigkeit geprüft. Bewertungsinhalte, die gegen die Nutzungsbedingungen der Fressnapf-Gruppe verstoßen, werden abgelehnt. Sonst erfolgt die Veröffentlichung von positiven wie auch negativen Produktbewertungen.\nHier mehr Informationen rund um Produktbewertungen\n.\nWeitere Informationen zur Verarbeitung Ihrer personenbezogenen Daten entnehmen Sie bitte unseren\nDatenschutzhinweisen\n.",
  "rating": 4.32,
  "review": 314,
  "ingredients": "Analytische Bestandteile Protein 11,1%, Fettgehalt 7,3%, Rohasche 2,3%, Rohfaser 0,3%, Calcium 0,3%, Phosphor 0,25%. Zusammensetzung 65% Lamm (Herzen, 15% Muskelfleisch, Lebern, Lungen, Pansen), 1% Mineralstoffe, 0,5% Leinöl Feuchtegehalt 75% Zusatzstoffe pro kg Ernährungsphysiologische Zusatzstoffe/kg: Vitamin D3 200 IE, Jod (Kalziumjodat, wasserfrei) 0,75mg, Mangan (Mangan(II)-sulfat, Monohydrat) 1,4mg, Zink (Zinksulfat, Monohydrat) 25mg Kann Spuren anderer Zutaten enthalten",
  "instock": true,
  "retail_limit": "10x"
},
{
  "_id": {
    "$oid": "66bef411a9267700a3bd01e4"
  },
  "unique_id": 1243584001,
  "competitor_name": "fressnapf",
  "product_name": "REAL NATURE WILDERNESS Adult Multipack 4x100g Multipack 2",
  "brand": "REAL NATURE",
  "regular_price": 5.99,
  "selling_price": 5.99,
  "price_per_unit": "€14.98/kg",
  "currency": "EUR",
  "breadcrumb": "Heimat > Katze > Katzenfutter > Nassfutter > REAL NATURE WILDERNESS Adult Multipack 4x100g Multipack 2",
  "pdp_url": "https://www.fressnapf.at/p/real-nature-wilderness-adult-multipack-4x100g-multipack-2-1243584001/",
  "product_description": "REAL NATURE\nArt.Nr.: 1243584001\nREAL NATURE WILDERNESS bietet Ihrer Katze naturbelassene* Zutaten von höchster Qualität.(*in den eingesetzten Rohstoffen)\nREAL NATURE WILDERNESS bietet Ihrer Katze naturbelassene* Zutaten von höchster Qualität.\nREAL NATURE WILDERNESS folgt der Natur Ihrer Katze. REAL NATURE WILDERNESS orientiert sich an der Ernährung ihrer Vorfahren, der Wildkatzen, und ermöglicht Ihnen, Ihr Tier so artgerecht wie möglich zu ernähren. Die REAL NATURE WILDERNESS Nassnahrung für ausgewachsene Katzen überzeugt durch ideal abgestimmte, getreidefreie Rezepturen mit sehr hohem Fleischanteil, schonend in Brühe gegart.   Die Vorteile im Überblick:\nUrsprüngliche Ernährung nach dem Vorbild der Wildkatze\nMit einem sehr hohen Fleischanteil\nBeinhaltet Beeren, Pflanzen & wertvolle Zutaten\nGetreidefreie Rezeptur\nNatürliche Zutaten, ernährungsphysiologisch sinnvoll ergänzt um wertvolle Vitamine und Mineralstoffe, ohne Zusatz von künstlichen Konservierungsmitteln, Farb- und Aromastoffen\n(*in den eingesetzten Rohstoffen)\nMöchtest du mehr über die Produkte von REAL NATURE für Katzen erfahren? Tauche\nhier\nin die Welt der Produktvielfalt von REAL NATURE ein!\nAlleinfuttermittel für ausgewachsene Katzen\nMehr Produktinfos\nInverkehrbringer\nMultiFit Tiernahrungs GmbH, Westpreußenstr. 32-38, 47809 Krefeld",
  "rating": 4.53,
  "review": 91,
  "distributor_address": "MultiFit Tiernahrungs GmbH, Westpreußenstr. 32-38, 47809 Krefeld",
  "ingredients": "Analytische Bestandteile True Country Huhn & Lachs Protein 10,4%, Fettgehalt 5,6%, Rohasche 2,5%, Rohfaser 0,5%, Calcium 0,3%, Phosphor 0,27%. Fresh Water Hering mit Lachs & Ente Protein 10,1%, Fettgehalt 5,3%, Rohasche 2,5%, Rohfaser 0,5%, Calcium 0,24%, Phosphor 0,21%. Wide Savannah Lamm & Wildschwein Protein 11,2%, Fettgehalt 10,4%, Rohasche 2,5%, Rohfaser 0,5%, Feuchtigkeit 79%, Calcium 0,29%, Phosphor 0,25%. Open Land Huhn mit Ziege & Gans Protein 10,5%, Fettgehalt 5,5%, Rohasche 2,2%, Rohfaser 0,2%, Calcium 0,32%, Phosphor 0,23%. Zusammensetzung True Country Huhn & Lachs 40% Huhn (aus Herzen, Lebern, Mägen, 5% Fleisch, Hälsen, Fett), 28,7% Lachs (aus Lachsfilet). 28% Hühnerbrühe, 2% Kartoffeln, 1% Mineralstoffe, 0,1% Lachsöl, 0,1% Spirulina, 0,1% Petersilie. Fresh Water Hering mit Lachs & Ente 28% Hering (aus Heringsfilet), 28% Lachshbrühe, 20,7% Lachs (aus Lachsfilet), 20% Ente (aus 10% Herzen, Lebern), 2% Äpfel, 1% Mineralstoffe, 0,1% Lachsöl, 0,1% Spirulina, 0,1% Sanddorn. Wide Savannah Lamm & Wildschwein 35% Lamm (aus Herzen, Lungen, Lebern, 5% Fleisch), 33,8% Wildschwein (aus Herzen, Lungen, Lebern, Fleisch), 28% Lammbrühe, 2% Süßkartoffeln, 1% Mineralstoffe, 0,1% Leinöl, 0,1% Kaktusfeigen. Open Land Huhn & Ziege mit Gans 44% Huhn (aus Herzen, Lebern, Fleisch, Mägen, Hälsen, Fett), 28,8% Hühnerbrühe, 20% Ziege (aus Herzen, Lungen, Lebern), 4% Gänseherzen, 2% Kartoffeln, 1% Mineralstoffe, 0,1% Leinöl, 0,1% Brenesseln. Feuchtegehalt True Country Huhn & Lachs: 80%Fresh Water Hering mit Lachs & Ente: 79%Wide Savannah Lamm & Wildschwein: 79%Open Land Huhn & Ziege mit Gans: 79.5% Zusatzstoffe pro kg Ernährungsphysiologische Zusatzstoffe/kg: Vitamin A 3000 IE/UI/NE/IU, Vitamin D3 200 IE, Taurin 1500mg,3b405 (Kupfer) 1mg, Jod (Kalziumjodat, wasserfrei) 0,75mg, Mangan (Mangan(II)-sulfat, Monohydrat) 1,4mg, Zink (Zinksulfat, Monohydrat) 25mg.",
  "instock": true,
  "retail_limit": "10x"
},
{
  "_id": {
    "$oid": "66bef411a9267700a3bd01e5"
  },
  "unique_id": 1003051002,
  "competitor_name": "fressnapf",
  "product_name": "GOURMET Perle 4x85g Truthahn. Thunfisch. Ente & Lamm",
  "brand": "GOURMET",
  "regular_price": 2.79,
  "selling_price": 2.79,
  "price_per_unit": "€8.21/kg",
  "currency": "EUR",
  "breadcrumb": "Heimat > Katze > Katzenfutter > Nassfutter > GOURMET Perle 4x85g Truthahn, Thunfisch, Ente & Lamm",
  "pdp_url": "https://www.fressnapf.at/p/gourmet-perle-4x85g-truthahn-thunfisch-ente--lamm-1003051002/",
  "product_description": "GOURMET\nArt.Nr.: 1003051002\nErlesene Kreationen für ein unwiederstehliches Geschmackserlebnis - Jeden Tag.\nGourmet Perle regt die Sinne Ihrer Katze an – mit hochwertigen Zutaten und in erlesenen Streifen. Gourmet Perle Erlesene Streifen mit Fisch oder Fleisch oder als raffiniertes Duo in einer delikaten Sauce verwöhnen den Gaumen Ihres kleinen Feinschmeckers auf eine ganz besondere Art.\nAus hochwertigen Zutaten kreiert und in erlesenen Streifen serviert, wird jeder Bissen zu einem unwiderstehlichen Geschmackserlebnis. Gourmet Perle ist so einzigartig wie Ihre Katze selbst – ganz gleich, wie anspruchsvoll Ihre Samtpfote ist, Erlesene Streifen wird sie lieben. Die praktischen Beutel sind ideal zum Portionieren geeignet. Die verschiedenen Geschmacksrichtungen bringen Abwechslung in den Futternapf.\nAlleinfuttermittel für ausgewachsene Katzen. Weitere Informationen erhalten Sie hier: 069/6671-3088 /\nwww.purina.de\nInverkehrbringer\nNestlé Purina Petcare Deutschland GmbH, Albert-Latz-Str. 6, 53879 Euskirchen",
  "rating": 4.69,
  "review": 275,
  "distributor_address": "Nestlé Purina Petcare Deutschland GmbH, Albert-Latz-Str. 6, 53879 Euskirchen",
  "ingredients": "Analytische Bestandteile Protein: 12,5%, Fettgehalt: 2,5%, Rohasche: 2,5%, Rohfaser: 0,05% Zusammensetzung Mit Truthahn Fleisch und tierische Nebenerzeugnisse (davon 4% Truthahn), pflanzliche Eiweißextrakte, Fisch und Fischnebenerzeugnisse, Mineralstoffe, Zucker. Mit Thunfisch Fleisch und tierische Nebenerzeugnisse, pflanzliche Eiweißextrakte, Fisch und Fischnebenerzeugnisse (davon 4% Thunfisch), Mineralstoffe, Zucker. Mit Ente Fleisch und tierische Nebenerzeugnisse (davon 4% Ente), pflanzliche Eiweißextrakte, Fisch und Fischnebenerzeugnisse, Mineralstoffe, Zucker. Mit Lamm Fleisch und tierische Nebenerzeugnisse (davon 4% Lamm), pflanzliche Eiweißextrakte, Fisch und Fischnebenerzeugnisse, Mineralstoffe, Zucker. Feuchtegehalt 80% Zusatzstoffe pro kg Ernährungsphysiologische Zusatzstoffe: Vit. A 650IE, D3 99IE, Eisensulfat Monohydrat 23mg, Calciumjodat wasserfrei 0,29mg, Kupfersulfat Pentahydrat 2,5mg, Mangansulfat Monohydrat 4,4mg, Zinksulfat Monohydrat 37mg.",
  "instock": true,
  "retail_limit": "10x"
},
{
  "_id": {
    "$oid": "66bef411a9267700a3bd01e6"
  },
  "unique_id": 1243362,
  "competitor_name": "fressnapf",
  "product_name": "PREMIERE Meati Sensitive Lamm & Kartoffel 6x400 g",
  "brand": "PREMIERE",
  "regular_price": 14.34,
  "selling_price": 14.34,
  "price_per_unit": "€5.98/kg",
  "currency": "EUR",
  "breadcrumb": "Heimat > Hund > Hundefutter > Hundenassfutter > PREMIERE Meati Sensitive Lamm & Kartoffel 6x400 g",
  "pdp_url": "https://www.fressnapf.at/p/premiere-meati-sensitive-lamm--kartoffel-6x400-g-1243362/",
  "variants": "{'variant': ['Rind & Kartoffel', 'Pferd & Kartoffeln', 'Huhn & Kartoffel', 'Ente pur', 'Lamm pur', 'Rind pur', 'Pferd pur', 'Huhn pur']}",
  "product_description": "PREMIERE\nArt.Nr.: 1243362\nPREMIERE Meati Sensitive - für ernährungssensible Hunde sowie bei Futtermittelunverträglichkeiten\nBesonders abgestimmtes Nassfutter, das sich durch folgende Vorteile auszeichnet:\nNur ein ausgewähltes Protein in der Rezeptur\nDie\nPur-Sorten\nohne pflanzliche Kohlenhydrate eignen sich besonders für Hunde, die auf Reis, Getreide oder Kartoffeln reagieren\nFür ernährungssensible Hunde geeignet\nHergestellt in Deutschland\nDie getreide- und glutenfreie Rezeptur trägt zur Schonung des Magen-Darm-Trakts und zu einer optimalen Verdauung bei und ist ideal bei Futtermittelunverträglichkeiten.\n*Schmeckt nicht? Mit unserer\nQualitätsgarantie\nbekommst du dein Geld zurück und suchst dir einfach ein anderes Futter aus.\nAlleinfuttermittel für ausgewachsene, ernährungssensible Hunde, weitere Informationen erhalten Sie hier: info@fressnapf.com\nFütterungsempfehlung\nGewicht des Tieres\nFuttermenge pro Tag\n5 kg\n240 g\n7 kg\n310 g\n10 kg\n400 g\n15 kg\n540 g\n20 kg\n670 g\nInhaltsstoffe\nAnalytische Bestandteile\nProtein 9,5%, Fettgehalt 7,1%, Rohasche 2,5%, Rohfaser 0,5%, Calcium 0,3%, Phosphor 0,25%\nZusammensetzung\n60% Lamm (Herzen, 15% Muskelfleisch, Lebern, Lungen, Pansen), 7% Kartoffel, 1% Mineralstoffe, 0,5% Leinöl\nFeuchtegehalt\n75%\nZusatzstoffe pro kg\nErnährungsphysiologische Zusatzstoffe/kg: Vitamin D3 200 IE, Jod (Kalziumjodat, wasserfrei) 0,75mg, Mangan (Mangan(II)-sulfat, Monohydrat) 1,4mg, Zink (Zinksulfat, Monohydrat) 25mg Kann Spuren anderer Zutaten enthalten.\nVersandinformationen\nLieferungen erfolgen ab einem Mindestbestellwert von € 19,00 inkl. Mehrwertsteuer nach Abzug von Rabatten.\nWelche Versandkosten fallen für meine Bestellung an?\nWir berechnen € 2,99 bis zu einem Bestellwert von 29,00 €  – unabhängig von der Anzahl der Artikel und der Versandart.\nLieferungen ab 29,00 € werden mit 0,99 € Versandkosten pro Bestellung berechnet. Bei Bestellungen die ein Gesamtgewicht von 31 kg überschreiten, werden je nach Gewicht zwei oder mehrere Pakete versendet (Maximalgewicht pro Paket 31 kg). Für den erhöhten Versandaufwand berechnen wir einmalig zusätzliche Versandkosten in Höhe von 2,99 € pro Bestellung.\nLieferungen sind grundsätzlich nur innerhalb Österreichs möglich.\nDie Lieferzeit beträgt 1-3 Werktage bei Bestellungen bis 16 Uhr.\nKundenbewertungen und -rezensionen verstehen\nProduktbewertungen\nWie funktionieren Bewertungen in der Fressnapf-Gruppe (einschließlich Maxi Zoo)?\nKundenmeinungen in Form von Produkt- und Sternebewertungen sind dienlich für alle Kunden. Sie ermöglichen mehr über das Produkt zu erfahren und helfen bei Kaufentscheidung. Jeder Kunde, der ein Produkt Online oder im Markt erworben hat, kann eine Bewertung abgeben. Wir beziehen zudem Bewertungen aus Dritt-Quellen, z.B. von Hersteller-Seiten. Die Bewertungsherkunft wird an den jeweiligen Rezension ausgewiesen. Für Fressnapf ist das Meinungsbild seiner Kunden wichtig, um Schwachstellen zu analysieren und die Produktqualität zu verbessern. Alle Bewertungen werden durch unseren Dienstleister Bazaarvoice auf Vertrauenswürdigkeit geprüft. Bewertungsinhalte, die gegen die Nutzungsbedingungen der Fressnapf-Gruppe verstoßen, werden abgelehnt. Sonst erfolgt die Veröffentlichung von positiven wie auch negativen Produktbewertungen.\nHier mehr Informationen rund um Produktbewertungen\n.\nWeitere Informationen zur Verarbeitung Ihrer personenbezogenen Daten entnehmen Sie bitte unseren\nDatenschutzhinweisen\n.",
  "rating": 4.32,
  "review": 314,
  "ingredients": "Analytische Bestandteile Protein 9,5%, Fettgehalt 7,1%, Rohasche 2,5%, Rohfaser 0,5%, Calcium 0,3%, Phosphor 0,25% Zusammensetzung 60% Lamm (Herzen, 15% Muskelfleisch, Lebern, Lungen, Pansen), 7% Kartoffel, 1% Mineralstoffe, 0,5% Leinöl Feuchtegehalt 75% Zusatzstoffe pro kg Ernährungsphysiologische Zusatzstoffe/kg: Vitamin D3 200 IE, Jod (Kalziumjodat, wasserfrei) 0,75mg, Mangan (Mangan(II)-sulfat, Monohydrat) 1,4mg, Zink (Zinksulfat, Monohydrat) 25mg Kann Spuren anderer Zutaten enthalten.",
  "instock": true,
  "retail_limit": "10x"
},
{
  "_id": {
    "$oid": "66bef411a9267700a3bd01e7"
  },
  "unique_id": 1003051007,
  "competitor_name": "fressnapf",
  "product_name": "GOURMET Perle 4x85g Duetto di Mare Fisch",
  "brand": "GOURMET",
  "regular_price": 2.79,
  "selling_price": 2.79,
  "price_per_unit": "€8.21/kg",
  "currency": "EUR",
  "breadcrumb": "Heimat > Katze > Katzenfutter > Nassfutter > GOURMET Perle 4x85g Duetto di Mare Fisch",
  "pdp_url": "https://www.fressnapf.at/p/gourmet-perle-4x85g-duetto-di-mare-fisch-1003051007/",
  "product_description": "GOURMET\nArt.Nr.: 1003051007\nErlesene Kreationen für ein unwiederstehliches Geschmackserlebnis - Jeden Tag.\nGourmet Perle regt die Sinne Ihrer Katze an – mit hochwertigen Zutaten und in erlesenen Streifen. Gourmet Perle Erlesene Streifen mit Fisch oder Fleisch oder als raffiniertes Duo in einer delikaten Sauce verwöhnen den Gaumen Ihres kleinen Feinschmeckers auf eine ganz besondere Art.\nAus hochwertigen Zutaten kreiert und in erlesenen Streifen serviert, wird jeder Bissen zu einem unwiderstehlichen Geschmackserlebnis. Gourmet Perle ist so einzigartig wie Ihre Katze selbst – ganz gleich, wie anspruchsvoll Ihre Samtpfote ist, Erlesene Streifen wird sie lieben. Die praktischen Beutel sind ideal zum Portionieren geeignet. Die verschiedenen Geschmacksrichtungen bringen Abwechslung in den Futternapf.\nAlleinfuttermittel für ausgewachsene Katzen. Weitere Informationen erhalten Sie hier: 069/6671-3088 /\nwww.purina.de\nInverkehrbringer\nNestlé Purina Petcare Deutschland GmbH, Albert-Latz-Str. 6, 53879 Euskirchen",
  "rating": 4.8,
  "review": 1205,
  "distributor_address": "Nestlé Purina Petcare Deutschland GmbH, Albert-Latz-Str. 6, 53879 Euskirchen",
  "ingredients": "Analytische Bestandteile Protein: 12,5%, Fettgehalt: 2,5%, Rohasche: 2,5%, Rohfaser: 0,05% Zusammensetzung Mit Lachs und Seelachs Fleisch und tierische Nebenerzeugnisse, pflanzliche Eiweißextrakte, Fisch und Fischnebenerzeugnisse (davon 4% Lachs, 4% Seelachs), Mineralstoffe, Zucker. Mit Hochseefisch und Thunfisch Fleisch und tierische Nebenerzeugnisse, pflanzliche Eiweißextrakte, Fisch und Fischnebenerzeugnisse (davon 4% Hochseefisch, 4% Thunfisch), Mineralstoffe, Zucker. Mit Lachs und Weißfisch Fleisch und tierische Nebenerzeugnisse, pflanzliche Eiweißextrakte, Fisch und Fischnebenerzeugnisse (davon 4% Lachs, 4% Weißfisch), Mineralstoffe, Zucker. Mit Sardine und Thunfisch Fleisch und tierische Nebenerzeugnisse, pflanzliche Eiweißextrakte, Fisch und Fischnebenerzeugnisse (davon 4% Sardine, 4% Thunfisch), Mineralstoffe, Zucker. Feuchtegehalt 8% Zusatzstoffe pro kg Ernährungsphysiologische Zusatzstoffe: Vit. A 650IE, D3 99IE, Eisensulfat Monohydrat 23mg, Calciumjodat wasserfrei 0,29mg, Kupfersulfat Pentahydrat 2,5mg, Mangansulfat Monohydrat 4,4mg, Zinksulfat Monohydrat 37mg.",
  "instock": true,
  "retail_limit": "10x"
},
{
  "_id": {
    "$oid": "66bef411a9267700a3bd01e8"
  },
  "unique_id": 1243584003,
  "competitor_name": "fressnapf",
  "product_name": "REAL NATURE WILDERNESS Adult Multipack 4x100g Multipack 1",
  "brand": "REAL NATURE",
  "regular_price": 5.99,
  "selling_price": 5.99,
  "price_per_unit": "€14.98/kg",
  "currency": "EUR",
  "breadcrumb": "Heimat > Katze > Katzenfutter > Nassfutter > REAL NATURE WILDERNESS Adult Multipack 4x100g Multipack 1",
  "pdp_url": "https://www.fressnapf.at/p/real-nature-wilderness-adult-multipack-4x100g-multipack-1-1243584003/",
  "product_description": "REAL NATURE\nArt.Nr.: 1243584003\nREAL NATURE WILDERNESS bietet Ihrer Katze naturbelassene* Zutaten von höchster Qualität.(*in den eingesetzten Rohstoffen)\nREAL NATURE WILDERNESS bietet Ihrer Katze naturbelassene* Zutaten von höchster Qualität.\nREAL NATURE WILDERNESS folgt der Natur Ihrer Katze. REAL NATURE WILDERNESS orientiert sich an der Ernährung ihrer Vorfahren, der Wildkatzen, und ermöglicht Ihnen, Ihr Tier so artgerecht wie möglich zu ernähren. Die REAL NATURE WILDERNESS Nassnahrung für ausgewachsene Katzen überzeugt durch ideal abgestimmte, getreidefreie Rezepturen mit sehr hohem Fleischanteil, schonend in Brühe gegart.   Die Vorteile im Überblick:\nUrsprüngliche Ernährung nach dem Vorbild der Wildkatze\nMit einem sehr hohen Fleischanteil\nBeinhaltet Beeren, Pflanzen & wertvolle Zutaten\nGetreidefreie Rezeptur\nNatürliche Zutaten, ernährungsphysiologisch sinnvoll ergänzt um wertvolle Vitamine und Mineralstoffe, ohne Zusatz von künstlichen Konservierungsmitteln, Farb- und Aromastoffen\n(*in den eingesetzten Rohstoffen)\nMöchtest du mehr über die Produkte von REAL NATURE für Katzen erfahren? Tauche\nhier\nin die Welt der Produktvielfalt von REAL NATURE ein!\nAlleinfuttermittel für ausgewachsene Katzen\nMehr Produktinfos\nInverkehrbringer\nMultiFit Tiernahrungs GmbH, Westpreußenstr. 32-38, 47809 Krefeld",
  "rating": 4.53,
  "review": 91,
  "distributor_address": "MultiFit Tiernahrungs GmbH, Westpreußenstr. 32-38, 47809 Krefeld",
  "ingredients": "Analytische Bestandteile PureTurkey: 10,9% Protein, 5,5% Fettgehalt, 2,5% Rohasche, 0,5% Rohfaser, 0,24% Calcium, 0,21% Phosphor   Dark Fjord:  11% Protein, 5,2% Fettgehalt, 2,1% Rohasche, 0,4% Rohfaser, 0,35% Calcium, 0,32% Phosphor   Ranger's Forest:  11% Protein, 5,5% Fettgehalt, 2,1% Rohasche, 0,2% Rohfaser, 0,31% Calcium, 0,22% Phosphor   Pure Chicken: 10,5% Protein, 5,1% Fettgehal, 2,4% Rohasche, 0,3% Rohfaser, 0,28% Calcium, 0,25% Phosphor Zusammensetzung PureTurkey:  Pute (aus Herzen, Lebern, Mägen, Hälsen, 5% Fleisch), 28,8% Putenbrühe, 1% Mineralstoffe, 0,1% Leinöl, 0,1% Brennsseln    Dark Fjord:   Wildschwein (aus Herzen, Lungen, Lebern, 5% Fleisch),Ente (aus 15% Herzen, Mägen, Hälsen), 28,8% Entenbrühe, 4% Rentier (Fleisch und tierische Nebenerzeugnisse), 2% Äpfel, 1% Mineralstoffe, 0,1% Leinöl, 0,1% Kaktusfeigen    Ranger's Forest:   Wildschwein (aus Herzen, Lungen, Lebern, 5% Fleisch), 28,8% Wildschweinbrühe, 20% Ente (aus 10% Herzen, Mägen, Hälsen), 9% Kaninchen (aus Herzen, Fleisch), 5% Hirsch (Fleisch und tierische Nebenerzeugnisse), 2% Apfel, 1% Mineralstoffe, 0,1% Leinöl, 0,1% Brennesseln    Pure Chicken: Huhn (aus Herzen, Mägen, Lebern, Hälsen, 5% Fleisch, Fett), 28,8% Hühnerbrühe, 1% Mineralstoffe, 0,1% Leinöl, 0,1% Brennesseln Feuchtegehalt Northern Turkey: 79% Dark Fjord: 79% Ranger's Forest: 79% Pure Chicken: 80% Zusatzstoffe pro kg Ernährungsphysiologische Zusatzstoffe: 200IE Vitamin D3, 1500mg Taurin, 1mg Kupfer (Kupfer(II)-sulfat, Pentahydrat), 0,75mg Jod (Kalziumjodat, wasserfrei), 1,4mg Mangan (Mangan(II)-sulfat, Monohydrat),25 mg Zink (Zinksulfat, Monohydrat)",
  "instock": true,
  "retail_limit": "10x"
},
{
  "_id": {
    "$oid": "66bef411a9267700a3bd01e9"
  },
  "unique_id": 1243358,
  "competitor_name": "fressnapf",
  "product_name": "PREMIERE Meati Sensitive Huhn & Kartoffel 6x400 g",
  "brand": "PREMIERE",
  "regular_price": 14.34,
  "selling_price": 14.34,
  "price_per_unit": "€5.98/kg",
  "currency": "EUR",
  "breadcrumb": "Heimat > Hund > Hundefutter > Hundenassfutter > PREMIERE Meati Sensitive Huhn & Kartoffel 6x400 g",
  "pdp_url": "https://www.fressnapf.at/p/premiere-meati-sensitive-huhn--kartoffel-6x400-g-1243358/",
  "variants": "{'variant': ['Huhn pur', 'Lamm pur', 'Rind & Kartoffel', 'Pferd pur', 'Rind pur', 'Pferd & Kartoffeln', 'Lamm & Kartoffel', 'Ente pur']}",
  "product_description": "PREMIERE\nArt.Nr.: 1243358\nPREMIERE Meati Sensitive - für ernährungssensible Hunde sowie bei Futtermittelunverträglichkeiten\nBesonders abgestimmtes Nassfutter, das sich durch folgende Vorteile auszeichnet:\nNur ein ausgewähltes Protein in der Rezeptur\nDie\nPur-Sorten\nohne pflanzliche Kohlenhydrate eignen sich besonders für Hunde, die auf Reis, Getreide oder Kartoffeln reagieren\nFür ernährungssensible Hunde geeignet\nHergestellt in Deutschland\nDie getreide- und glutenfreie Rezeptur trägt zur Schonung des Magen-Darm-Trakts und zu einer optimalen Verdauung bei und ist ideal bei Futtermittelunverträglichkeiten.\n*Schmeckt nicht? Mit unserer\nQualitätsgarantie\nbekommst du dein Geld zurück und suchst dir einfach ein anderes Futter aus.\nAlleinfuttermittel für ausgewachsene, ernährungssensible Hunde, weitere Informationen erhalten Sie hier: info@fressnapf.com\nFütterungsempfehlung\nGewicht des Tieres\nFuttermenge pro Tag\n5 kg\n230 g\n7 kg\n300 g\n10 kg\n400 g\n15 kg\n550 g\n20 kg\n700 g\nInhaltsstoffe\nAnalytische Bestandteile\nProtein 10,2%, Fettgehalt 5%, Rohasche 2,5%, Rohfaser 0,5%, Feuchtigkeit 80%, Calcium 0,3%, Phosphor 0,25%\nZusammensetzung\n60% Huhn (Herzen, 15% Muskelfleisch, Lebern, Mägen, Hälse, Fett), 7% Kartoffeln, 1% Mineralstoffe,0,5% Leinöl.\nFeuchtegehalt\n80%\nZusatzstoffe pro kg\nErnährungsphysiologische Zusatzstoffe: Vitamin D3 200 IE, Kupfer (Kupfer(II)-sulfat, Pentahydrat) 1mg, Jod (Kalziumjodat, wasserfrei) 0,75mg, Mangan (Mangan(II)-sulfat, Monohydrat) 1,4mg, Zink (Zinksulfat, Monohydrat) 25mg. Kann Spuren anderer Zutaten enthalten\nVersandinformationen\nLieferungen erfolgen ab einem Mindestbestellwert von € 19,00 inkl. Mehrwertsteuer nach Abzug von Rabatten.\nWelche Versandkosten fallen für meine Bestellung an?\nWir berechnen € 2,99 bis zu einem Bestellwert von 29,00 €  – unabhängig von der Anzahl der Artikel und der Versandart.\nLieferungen ab 29,00 € werden mit 0,99 € Versandkosten pro Bestellung berechnet. Bei Bestellungen die ein Gesamtgewicht von 31 kg überschreiten, werden je nach Gewicht zwei oder mehrere Pakete versendet (Maximalgewicht pro Paket 31 kg). Für den erhöhten Versandaufwand berechnen wir einmalig zusätzliche Versandkosten in Höhe von 2,99 € pro Bestellung.\nLieferungen sind grundsätzlich nur innerhalb Österreichs möglich.\nDie Lieferzeit beträgt 1-3 Werktage bei Bestellungen bis 16 Uhr.\nKundenbewertungen und -rezensionen verstehen\nProduktbewertungen\nWie funktionieren Bewertungen in der Fressnapf-Gruppe (einschließlich Maxi Zoo)?\nKundenmeinungen in Form von Produkt- und Sternebewertungen sind dienlich für alle Kunden. Sie ermöglichen mehr über das Produkt zu erfahren und helfen bei Kaufentscheidung. Jeder Kunde, der ein Produkt Online oder im Markt erworben hat, kann eine Bewertung abgeben. Wir beziehen zudem Bewertungen aus Dritt-Quellen, z.B. von Hersteller-Seiten. Die Bewertungsherkunft wird an den jeweiligen Rezension ausgewiesen. Für Fressnapf ist das Meinungsbild seiner Kunden wichtig, um Schwachstellen zu analysieren und die Produktqualität zu verbessern. Alle Bewertungen werden durch unseren Dienstleister Bazaarvoice auf Vertrauenswürdigkeit geprüft. Bewertungsinhalte, die gegen die Nutzungsbedingungen der Fressnapf-Gruppe verstoßen, werden abgelehnt. Sonst erfolgt die Veröffentlichung von positiven wie auch negativen Produktbewertungen.\nHier mehr Informationen rund um Produktbewertungen\n.\nWeitere Informationen zur Verarbeitung Ihrer personenbezogenen Daten entnehmen Sie bitte unseren\nDatenschutzhinweisen\n.",
  "rating": 4.32,
  "review": 314,
  "ingredients": "Analytische Bestandteile Protein 10,2%, Fettgehalt 5%, Rohasche 2,5%, Rohfaser 0,5%, Feuchtigkeit 80%, Calcium 0,3%, Phosphor 0,25% Zusammensetzung 60% Huhn (Herzen, 15% Muskelfleisch, Lebern, Mägen, Hälse, Fett), 7% Kartoffeln, 1% Mineralstoffe,0,5% Leinöl. Feuchtegehalt 80% Zusatzstoffe pro kg Ernährungsphysiologische Zusatzstoffe: Vitamin D3 200 IE, Kupfer (Kupfer(II)-sulfat, Pentahydrat) 1mg, Jod (Kalziumjodat, wasserfrei) 0,75mg, Mangan (Mangan(II)-sulfat, Monohydrat) 1,4mg, Zink (Zinksulfat, Monohydrat) 25mg. Kann Spuren anderer Zutaten enthalten",
  "instock": true,
  "retail_limit": "10x"
},
{
  "_id": {
    "$oid": "66bef411a9267700a3bd01ea"
  },
  "unique_id": 1243363,
  "competitor_name": "fressnapf",
  "product_name": "PREMIERE Meati Sensitive Pferd pur 6x400 g",
  "brand": "PREMIERE",
  "regular_price": 14.34,
  "selling_price": 14.34,
  "price_per_unit": "€5.98/kg",
  "currency": "EUR",
  "breadcrumb": "Heimat > Hund > Hundefutter > Hundenassfutter > PREMIERE Meati Sensitive Pferd pur 6x400 g",
  "pdp_url": "https://www.fressnapf.at/p/premiere-meati-sensitive-pferd-pur-6x400-g-1243363/",
  "variants": "{'variant': ['Lamm pur', 'Huhn & Kartoffel', 'Pferd & Kartoffeln', 'Huhn pur', 'Rind pur', 'Ente pur', 'Lamm & Kartoffel', 'Rind & Kartoffel']}",
  "product_description": "PREMIERE\nArt.Nr.: 1243363\nPREMIERE Meati Sensitive - für ernährungssensible Hunde sowie bei Futtermittelunverträglichkeiten\nBesonders abgestimmtes Nassfutter, das sich durch folgende Vorteile auszeichnet:\nNur ein ausgewähltes Protein in der Rezeptur\nDie\nPur-Sorten\nohne pflanzliche Kohlenhydrate eignen sich besonders für Hunde, die auf Reis, Getreide oder Kartoffeln reagieren\nFür ernährungssensible Hunde geeignet\nHergestellt in Deutschland\nDie getreide- und glutenfreie Rezeptur trägt zur Schonung des Magen-Darm-Trakts und zu einer optimalen Verdauung bei und ist ideal bei Futtermittelunverträglichkeiten.\n*Schmeckt nicht? Mit unserer\nQualitätsgarantie\nbekommst du dein Geld zurück und suchst dir einfach ein anderes Futter aus.\nAlleinfuttermittel für ausgewachsene ernährungssensible Hunde, weitere Informationen erhalten Sie hier: info@fressnapf.com\nFütterungsempfehlung\nGewicht des Tieres\nFuttermenge pro Tag\n5 kg\n280 g\n7 kg\n360 g\n10 kg\n470 g\n15 kg\n640 g\n20 kg\n790 g\nInhaltsstoffe\nAnalytische Bestandteile\nProtein 10%, Fett 9%, Asche 2,3%, Faser 0,5%, Calcium 0,20%, Phosphor 0,16%, Energiegehalt 487 kJ / 116 kcal.\nZusammensetzung\n65% Pferd (40% Muskelfleisch, Herzen, Lebern), 1% Mineralstoffe, 0,5% Leinöl\nFeuchtegehalt\n77%\nZusatzstoffe pro kg\nErnährungsphysiologische Zusatzstoffe/kg: Vitamin D3 200 IE, Jod (Kalziumjodat, wasserfrei) 0,75mg, Mangan (Mangan(II)-sulfat, Monohydrat) 1,4mg, Zink (Zinksulfat, Monohydrat) 25mg Kann Spuren anderer Zutaten enthalten.\nVersandinformationen\nLieferungen erfolgen ab einem Mindestbestellwert von € 19,00 inkl. Mehrwertsteuer nach Abzug von Rabatten.\nWelche Versandkosten fallen für meine Bestellung an?\nWir berechnen € 2,99 bis zu einem Bestellwert von 29,00 €  – unabhängig von der Anzahl der Artikel und der Versandart.\nLieferungen ab 29,00 € werden mit 0,99 € Versandkosten pro Bestellung berechnet. Bei Bestellungen die ein Gesamtgewicht von 31 kg überschreiten, werden je nach Gewicht zwei oder mehrere Pakete versendet (Maximalgewicht pro Paket 31 kg). Für den erhöhten Versandaufwand berechnen wir einmalig zusätzliche Versandkosten in Höhe von 2,99 € pro Bestellung.\nLieferungen sind grundsätzlich nur innerhalb Österreichs möglich.\nDie Lieferzeit beträgt 1-3 Werktage bei Bestellungen bis 16 Uhr.\nKundenbewertungen und -rezensionen verstehen\nProduktbewertungen\nWie funktionieren Bewertungen in der Fressnapf-Gruppe (einschließlich Maxi Zoo)?\nKundenmeinungen in Form von Produkt- und Sternebewertungen sind dienlich für alle Kunden. Sie ermöglichen mehr über das Produkt zu erfahren und helfen bei Kaufentscheidung. Jeder Kunde, der ein Produkt Online oder im Markt erworben hat, kann eine Bewertung abgeben. Wir beziehen zudem Bewertungen aus Dritt-Quellen, z.B. von Hersteller-Seiten. Die Bewertungsherkunft wird an den jeweiligen Rezension ausgewiesen. Für Fressnapf ist das Meinungsbild seiner Kunden wichtig, um Schwachstellen zu analysieren und die Produktqualität zu verbessern. Alle Bewertungen werden durch unseren Dienstleister Bazaarvoice auf Vertrauenswürdigkeit geprüft. Bewertungsinhalte, die gegen die Nutzungsbedingungen der Fressnapf-Gruppe verstoßen, werden abgelehnt. Sonst erfolgt die Veröffentlichung von positiven wie auch negativen Produktbewertungen.\nHier mehr Informationen rund um Produktbewertungen\n.\nWeitere Informationen zur Verarbeitung Ihrer personenbezogenen Daten entnehmen Sie bitte unseren\nDatenschutzhinweisen\n.",
  "rating": 4.32,
  "review": 314,
  "ingredients": "Analytische Bestandteile Protein 10%, Fett 9%, Asche 2,3%, Faser 0,5%, Calcium 0,20%, Phosphor 0,16%, Energiegehalt 487 kJ / 116 kcal. Zusammensetzung 65% Pferd (40% Muskelfleisch, Herzen, Lebern), 1% Mineralstoffe, 0,5% Leinöl Feuchtegehalt 77% Zusatzstoffe pro kg Ernährungsphysiologische Zusatzstoffe/kg: Vitamin D3 200 IE, Jod (Kalziumjodat, wasserfrei) 0,75mg, Mangan (Mangan(II)-sulfat, Monohydrat) 1,4mg, Zink (Zinksulfat, Monohydrat) 25mg Kann Spuren anderer Zutaten enthalten.",
  "instock": true,
  "retail_limit": "10x"
},
{
  "_id": {
    "$oid": "66bef411a9267700a3bd01eb"
  },
  "unique_id": 1243306,
  "competitor_name": "fressnapf",
  "product_name": "bosch Soft Land-Ente & Kartoffel 2x2.5 kg",
  "brand": "bosch",
  "regular_price": 29.99,
  "selling_price": 29.99,
  "price_per_unit": "€6.00/kg",
  "currency": "EUR",
  "breadcrumb": "Heimat > Hund > Hundefutter > Hundetrockenfutter > bosch Soft Land-Ente & Kartoffel 2x2,5 kg",
  "pdp_url": "https://www.fressnapf.at/p/bosch-soft-land-ente--kartoffel-2x25-kg-1243306/",
  "product_description": "bosch\nArt.Nr.: 1243306\nbosch SOFT Land-Ente ist ein Single-Protein-Produkt für die ausgewogene Ernährung ausgewachsener Hunde aller Rassen.\nbosch SOFT Land-Ente ist besonders für ernährungssensible Hunde geeignet, die unter Futterunverträglichkeiten und Allergien leiden.\nDer hohe Anteil an frischer Land-Ente (60%) als alleinige, tierische Proteinquelle und hochverdauliche Kartoffel als Kohlenhydratquelle verwöhnen ihren Hund schonend und natürlich getreidefrei. Die weiche  Krokette (18 % Feuchte) macht bosch SOFT Land-Ente zu einem besonderen Geschmackserlebnis für Ihren Hund und ist besonders verträglich\nAusgezeichnet als besonders schmackhaft und bekömmlich.\nDie Vorteile im Überblick:\n60% frische Land-Ente\nGetreidefrei\nHochverdauliche Kartoffel\nFür ernährungssensible Hunde\nHohe Akzeptanz\nSingle Animal Protein-Produkt\nAlleinfuttermittel für Hunde, weitere Informationen erhalten Sie hier: info@bosch-tiernahrung.de",
  "rating": 4.47,
  "review": 86,
  "ingredients": "Analytische Bestandteile Protein 21,0 %, Fettgehalt 17,0 %, Rohfaser 2,5 %, Rohasche 5,9 %, Phosphor 0,8 %, Calcium 1,2 %, Natrium 0,2 %, Kalium 0,6 %, Magnesium 0,05 %. umsetzbare Energie 353 kcal/100 g (14,73 MJ/kg), Zusammensetzung Frische Ente (60 %), Kartoffelstärke, Kartoffelmehl, Kartoffelprotein (7 %), Erbsen (getrocknet), Proteinhydrolysat (von der Ente), Dicalciumphosphat, Erbsenfasern, Hefe (getrocknet, inkl. 0,04 % Beta-Glucane), Flohsamen (Psyllium), Natriumchlorid, Yucca (getrocknet), Glukosamin, Chondroitinsulfat, Chicorée (getrocknet, 0,02 %). Feuchtegehalt 19% Zusatzstoffe pro kg Ernährungsphysiologische Zusatzstoffe je kg Vitamin A 12.000 I.E., Vitamin D3 1.200 I.E., Vitamin B1 10 mg, Vitamin B2 10 mg, Vitamin B6 6 mg, Vitamin B12 40 mcg, Biotin 350 mcg, Pantothensäure 20 mg, Niacin 40 mg, Folsäure 2,0 mg, Vitamin C 80 mg, Cholinchlorid 1.350 mg, Vitamin E 70 mg. Spurenelemente je kg Zink (als Aminosäuren-Zinkchelat Hydrat) 25 mg, Kupfer (als Kupfer(II)-sulfat-Pentahydrat) 10 mg, Mangan 10 mg, Jod (als Kalziumjodat, wasserfrei) 2,0 mg, Selen (als Natriumselenit) 0,2 mg, Zink (als Zinkoxid) 70 mg, Eisen 130 mg. Technologische Zusatzstoffe: Antioxidationsmittel, Konservierungsmittel Sonstiges: Fleischanteil bzw. Anteil Eiweißträger tierischen Ursprungs 61,70 % Anteil Eiweiß tierischen Ursprungs am Gesamteiweiß: 50,60 %",
  "instock": true,
  "retail_limit": "10x"
},
{
  "_id": {
    "$oid": "66bef411a9267700a3bd01ec"
  },
  "unique_id": 1243364,
  "competitor_name": "fressnapf",
  "product_name": "PREMIERE Meati Sensitive Pferd & Kartoffeln 6x400 g",
  "brand": "PREMIERE",
  "regular_price": 14.34,
  "selling_price": 14.34,
  "price_per_unit": "€5.98/kg",
  "currency": "EUR",
  "breadcrumb": "Heimat > Hund > Hundefutter > Hundenassfutter > PREMIERE Meati Sensitive Pferd & Kartoffeln 6x400 g",
  "pdp_url": "https://www.fressnapf.at/p/premiere-meati-sensitive-pferd--kartoffeln-6x400-g-1243364/",
  "variants": "{'variant': ['Pferd pur', 'Rind & Kartoffel', 'Ente pur', 'Rind pur', 'Huhn & Kartoffel', 'Huhn pur', 'Lamm & Kartoffel', 'Lamm pur']}",
  "product_description": "PREMIERE\nArt.Nr.: 1243364\nPREMIERE Meati Sensitive - für ernährungssensible Hunde sowie bei Futtermittelunverträglichkeiten\nBesonders abgestimmtes Nassfutter, das sich durch folgende Vorteile auszeichnet:\nNur ein ausgewähltes Protein in der Rezeptur\nDie\nPur-Sorten\nohne pflanzliche Kohlenhydrate eignen sich besonders für Hunde, die auf Reis, Getreide oder Kartoffeln reagieren\nFür ernährungssensible Hunde geeignet\nHergestellt in Deutschland\nDie getreide- und glutenfreie Rezeptur trägt zur Schonung des Magen-Darm-Trakts und zu einer optimalen Verdauung bei und ist ideal bei Futtermittelunverträglichkeiten.\n*Schmeckt nicht? Mit unserer\nQualitätsgarantie\nbekommst du dein Geld zurück und suchst dir einfach ein anderes Futter aus.\nAlleinfuttermittel für ausgewachsene, ernährungssensible Hunde,weitere Informationen erhalten Sie hier: info@fressnapf.com\nFütterungsempfehlung\nGewicht des Tieres\nFuttermenge pro Tag\n5 kg\n280 g\n7 kg\n360 g\n10 kg\n470 g\n15 kg\n640 g\n20 kg\n790 g\nInhaltsstoffe\nAnalytische Bestandteile\nProtein 10%, Fett 9%, Asche 2,3%, Faser 0,5%, Calcium 0,20%, Phosphor 0,16%, Energiegehalt 487 kJ / 116 kcal.\nZusammensetzung\n65% Pferd (40% Muskelfleisch, Herzen), 7% Kartoffeln, 1% Mineralstoffe, 0,5% Leinöl\nFeuchtegehalt\n78%\nZusatzstoffe pro kg\nErnährungsphysiologische Zusatzstoffe: Vitamin D3 200 IE, Kupfer (Kupfer(II)-sulfat, Pentahydrat) 1mg, Jod (Kalziumjodat, wasserfrei) 0,75mg, Mangan (Mangan(II)-sulfat, Monohydrat) 1,4mg, Zink (Zinksulfat, Monohydrat) 25mg. Kann Spuren anderer Zutaten enthalten.\nVersandinformationen\nLieferungen erfolgen ab einem Mindestbestellwert von € 19,00 inkl. Mehrwertsteuer nach Abzug von Rabatten.\nWelche Versandkosten fallen für meine Bestellung an?\nWir berechnen € 2,99 bis zu einem Bestellwert von 29,00 €  – unabhängig von der Anzahl der Artikel und der Versandart.\nLieferungen ab 29,00 € werden mit 0,99 € Versandkosten pro Bestellung berechnet. Bei Bestellungen die ein Gesamtgewicht von 31 kg überschreiten, werden je nach Gewicht zwei oder mehrere Pakete versendet (Maximalgewicht pro Paket 31 kg). Für den erhöhten Versandaufwand berechnen wir einmalig zusätzliche Versandkosten in Höhe von 2,99 € pro Bestellung.\nLieferungen sind grundsätzlich nur innerhalb Österreichs möglich.\nDie Lieferzeit beträgt 1-3 Werktage bei Bestellungen bis 16 Uhr.\nKundenbewertungen und -rezensionen verstehen\nProduktbewertungen\nWie funktionieren Bewertungen in der Fressnapf-Gruppe (einschließlich Maxi Zoo)?\nKundenmeinungen in Form von Produkt- und Sternebewertungen sind dienlich für alle Kunden. Sie ermöglichen mehr über das Produkt zu erfahren und helfen bei Kaufentscheidung. Jeder Kunde, der ein Produkt Online oder im Markt erworben hat, kann eine Bewertung abgeben. Wir beziehen zudem Bewertungen aus Dritt-Quellen, z.B. von Hersteller-Seiten. Die Bewertungsherkunft wird an den jeweiligen Rezension ausgewiesen. Für Fressnapf ist das Meinungsbild seiner Kunden wichtig, um Schwachstellen zu analysieren und die Produktqualität zu verbessern. Alle Bewertungen werden durch unseren Dienstleister Bazaarvoice auf Vertrauenswürdigkeit geprüft. Bewertungsinhalte, die gegen die Nutzungsbedingungen der Fressnapf-Gruppe verstoßen, werden abgelehnt. Sonst erfolgt die Veröffentlichung von positiven wie auch negativen Produktbewertungen.\nHier mehr Informationen rund um Produktbewertungen\n.\nWeitere Informationen zur Verarbeitung Ihrer personenbezogenen Daten entnehmen Sie bitte unseren\nDatenschutzhinweisen\n.",
  "rating": 4.32,
  "review": 314,
  "ingredients": "Analytische Bestandteile Protein 10%, Fett 9%, Asche 2,3%, Faser 0,5%, Calcium 0,20%, Phosphor 0,16%, Energiegehalt 487 kJ / 116 kcal. Zusammensetzung 65% Pferd (40% Muskelfleisch, Herzen), 7% Kartoffeln, 1% Mineralstoffe, 0,5% Leinöl Feuchtegehalt 78% Zusatzstoffe pro kg Ernährungsphysiologische Zusatzstoffe: Vitamin D3 200 IE, Kupfer (Kupfer(II)-sulfat, Pentahydrat) 1mg, Jod (Kalziumjodat, wasserfrei) 0,75mg, Mangan (Mangan(II)-sulfat, Monohydrat) 1,4mg, Zink (Zinksulfat, Monohydrat) 25mg. Kann Spuren anderer Zutaten enthalten.",
  "instock": true,
  "retail_limit": "10x"
},
{
  "_id": {
    "$oid": "66bef411a9267700a3bd01ed"
  },
  "unique_id": 1243949,
  "competitor_name": "fressnapf",
  "product_name": "Applaws Multipack Adult Fischvariation 12x70 g",
  "brand": "Applaws",
  "regular_price": 14.99,
  "selling_price": 14.99,
  "price_per_unit": "€17.85/kg",
  "currency": "EUR",
  "breadcrumb": "Heimat > Katze > Katzenfutter > Nassfutter > Applaws Multipack Adult Fischvariation 12x70 g",
  "pdp_url": "https://www.fressnapf.at/p/applaws-multipack-adult-fischvariation-12x70-g-1243949/",
  "variants": "{'variant': ['Huhn Variation']}",
  "product_description": "Applaws\nArt.Nr.: 1243949\nApplaws Katzennahrung ist ein absolut natürliches Premiumfutter, Glutenfrei und nur mit aufgeführten natürlichen Zutaten. Für die speziellen Bedürfnisse von ausgewachsenen Katzen.\nApplaws Selection Pouches - das natürliche Zusatzfutter für ausgewachsene Katzen ohne Farb- und Konservierungsstoffe. Das Katzenzusatzfutter von Applaws mit 3 verschiedenen Sorten bietet Ihrer Katze ein schmackhaftes Geschmackserlebnis. Für eine ausgewogene Ernährung zusammen mit anderer Vollnahrung von Applaws (Trocken- oder Nassfutter) füttern.\nDas Huhn Multipack enthält:\n4x Hühnerbrust mit Wildreis\n4x Hühnerbrust mit Kürbis\n4x Hühnerbrust mit Spargel\nDie Fisch Selection enthält:\n4x Thunfisch mit ganzen Sardellen\n4x Thunfisch mit Pazifikgarnelen\n4x Thunfisch mit Brachse\nErgänzungsfuttermittel für ausgewachsene Katzen. Weitere Informationen erhalten Sie hier:\ninfo@puppia.at\nInverkehrbringer\nMPM Products Limited, 2nd Floor Trindent 3, Trindent Business Park, Styal Road, Manchester, M22 5XB, UK",
  "rating": 4,
  "review": 19,
  "distributor_address": "MPM Products Limited, 2nd Floor Trindent 3, Trindent Business Park, Styal Road, Manchester, M22 5XB, UK",
  "ingredients": "Feuchtegehalt 82%-83%",
  "instock": true,
  "retail_limit": "10x"
},
{
  "_id": {
    "$oid": "66bef411a9267700a3bd01ee"
  },
  "unique_id": 1244517,
  "competitor_name": "fressnapf",
  "product_name": "SELECT GOLD Sensitive Adult Mixpaket 6x200g Mixpaket 2",
  "brand": "SELECT GOLD",
  "regular_price": 11.29,
  "selling_price": 11.29,
  "price_per_unit": "€9.41/kg",
  "currency": "EUR",
  "breadcrumb": "Heimat > Hund > Hundefutter > Hundenassfutter > SELECT GOLD Sensitive Adult Mixpaket 6x200g Mixpaket 2",
  "pdp_url": "https://www.fressnapf.at/p/select-gold-sensitive-adult-mixpaket-6x200g-mixpaket-2-1244517/",
  "product_description": "SELECT GOLD\nArt.Nr.: 1244517\nMixpaket mit verschiedenen Sorten - ideal zum probieren und für mehr Abwechslung!\nSELECT GOLD Sensitive Nassnahrung ist die Lösung für Hunde, die zu Futtermittelunverträglichkeiten oder sensibler Verdauung neigen.\nDie hochwertigen Rezepturen zeichnen sich durch wenige, sehr gut verträgliche Zutaten aus und sind zusätzlich abgestimmt auf die jeweilige Lebensphase.\nDie Vorteile im Überblick:\nJede Rezeptur enthält jeweils nur eine hochwertige tierische Proteinquelle (Single Protein) – besonders geeignet für ernährungssensible Hunde.\nDie Rezeptur enthält nur eine sehr gut verträgliche Kohlenhydratquelle: Kartoffel.\nHoher Anteil tierischer Proteine mit bis zu 68%.\nbei Hirsch: Getreide- und glutenfreie Rezeptur.\nbei Huhn, Rind & Lamm: Weizen- und glutenfreie Rezeptur\nPrebiotisch wirkende Fructo-Oligosaccharide (FOS) unterstützen den Aufbau und Erhalt einer stabilen Darmflora.\nOptimale Nährstoffversorgung durch erlesene Zutaten.\nNatürliche Omega-3- und Omega-6-Fettsäuren aus Sonnenblumenöl und Rapsöl sowie Biotin könnenzu intakter Haut und schönem Fell beitragen.\nDie Mixpakete setzen sich aus folgenden Sorten zusammen:\nMixpaket 1: 2 x Rind & Reis, 2 x Huhn & Reis, 2x Lamm & Reis\nMixpaket 2: 2 x Hirsch & Kartoffel, 2 x Ente & Kartoffel, 2x Lamm & Kartoffel\nMöchtest du mehr über die Produkte von SELECT GOLD für Hunde erfahren? Tauche\nhier\nin die Welt der Produktvielfalt von SELECT GOLD ein!-\nAlleinfuttermittel für Ihren Hund, weitere Informationen erhalten Sie hier: info@fressnapf.com\nMehr Produktinfos\nInverkehrbringer\nMultiFit Tiernahrungs GmbH, Westpreußenstr. 32-38, 47809 Krefeld",
  "rating": 4.72,
  "review": 53,
  "distributor_address": "MultiFit Tiernahrungs GmbH, Westpreußenstr. 32-38, 47809 Krefeld",
  "ingredients": "Analytische Bestandteile Hirsch & Kartoffel: 11,2% Protein, 6,6% Fettgehalt, 2,4% Rohasche, 0,5% Rohfaser, 0,18% Calcium, 0,16% Phosphor Lamm & Kartoffel: 11,3% Protein, 7,3% Fettgehalt, 2,1% Rohasche, 0,5% Rohfaser, 0,19% Calcium, 0,15% Phosphor Zusammensetzung Hirsch & Kartoffeln:  68% Rind (aus Herzen, Lebern, Lungen), 26,5% Trinkwasser, 4% Kartoffeln, 1% Mineralstoffe, 0,2% Sonnenblumenöl, 0,2% Fructo-Oligosaccharide, 0,1% Rapsöl Lamm & Kartoffeln: 68% Lamm (aus Herzen, Fleisch, Lebern, Lungen), 27,5% Trinkwasser, 3% Kartoffeln, 1% Mineralstoffe, 0,2% Sonnenblumenöl, 0,2% Fructo-Oligosaccharide, 0,1% Rapsöl Feuchtegehalt Hirsch  Kartoffeln: 76% Lamm  Kartoffeln: 75% Zusatzstoffe pro kg Hirsch & Kartoffeln: Ernährungsphysiologische Zusatzstoffe: 3000 IE Vitamin A, 200 IE Vitamin D3, 20mg Vitamin E, 1mg E4 (Kupfer), 0,75mg 3b202 (Jod), 1,4mg 3b503 (Mangan), 15mg 3b603 (Zink), 300μg 3a880 (Biotin) ELamm & Kartoffeln: Ernährungsphysiologische Zusatzstoffe: 200 IE Vitamin D3, 20mg Vitamin E, 0,75mg 3b202 (Jod), 1,4mg 3b503 (Mangan), 15mg 3b603 (Zink), 300μg 3a880 (Biotin)",
  "instock": true,
  "retail_limit": "10x"
},
{
  "_id": {
    "$oid": "66bef411a9267700a3bd01ef"
  },
  "unique_id": 1244766,
  "competitor_name": "fressnapf",
  "product_name": "SELECT GOLD Sensitive Adult Mixpaket 6x200g Mixpaket 1",
  "brand": "SELECT GOLD",
  "regular_price": 11.29,
  "selling_price": 11.29,
  "price_per_unit": "€9.41/kg",
  "currency": "EUR",
  "breadcrumb": "Heimat > Hund > Hundefutter > Hundenassfutter > SELECT GOLD Sensitive Adult Mixpaket 6x200g Mixpaket 1",
  "pdp_url": "https://www.fressnapf.at/p/select-gold-sensitive-adult-mixpaket-6x200g-mixpaket-1-1244766/",
  "product_description": "SELECT GOLD\nArt.Nr.: 1244766\nMixpaket mit verschiedenen Sorten - ideal zum probieren und für mehr Abwechslung!\nSELECT GOLD Sensitive Nassnahrung ist die Lösung für Hunde, die zu Futtermittelunverträglichkeiten oder sensibler Verdauung neigen.\nDie hochwertigen Rezepturen zeichnen sich durch wenige, sehr gut verträgliche Zutaten aus und sind zusätzlich abgestimmt auf die jeweilige Lebensphase.\nDie Vorteile im Überblick:\nJede Rezeptur enthält jeweils nur eine hochwertige tierische Proteinquelle (Single Protein) – besonders geeignet für ernährungssensible Hunde.\nDie Rezeptur enthält nur eine sehr gut verträgliche Kohlenhydratquelle: Kartoffel.\nHoher Anteil tierischer Proteine mit bis zu 68%.\nbei Hirsch: Getreide- und glutenfreie Rezeptur.\nbei Huhn, Rind & Lamm: Weizen- und glutenfreie Rezeptur\nPrebiotisch wirkende Fructo-Oligosaccharide (FOS) unterstützen den Aufbau und Erhalt einer stabilen Darmflora.\nOptimale Nährstoffversorgung durch erlesene Zutaten.\nNatürliche Omega-3- und Omega-6-Fettsäuren aus Sonnenblumenöl und Rapsöl sowie Biotin könnenzu intakter Haut und schönem Fell beitragen.\nDie Mixpakete setzen sich aus folgenden Sorten zusammen:\nMixpaket 1: 2 x Rind & Reis, 2 x Huhn & Reis, 2x Lamm & Reis\nMixpaket 2: 2 x Hirsch & Kartoffel, 2 x Ente & Kartoffel, 2x Lamm & Kartoffel\nMöchtest du mehr über die Produkte von SELECT GOLD für Hunde erfahren? Tauche\nhier\nin die Welt der Produktvielfalt von SELECT GOLD ein!-\nAlleinfuttermittel für Ihren Hund, weitere Informationen erhalten Sie hier: info@fressnapf.com\nMehr Produktinfos\nInverkehrbringer\nMultiFit Tiernahrungs GmbH, Westpreußenstr. 32-38, 47809 Krefeld",
  "rating": 4.72,
  "review": 53,
  "distributor_address": "MultiFit Tiernahrungs GmbH, Westpreußenstr. 32-38, 47809 Krefeld",
  "ingredients": "Analytische Bestandteile Rind & Reis: 11,1% Protein, 7,2% Fettgehalt, 2,2% Rohasche, 0,5% Rohfaser, 0,21% Calcium, 0,16% Phosphor Huhn & Reis: 10,6% Protein, 5,5% Fettgehalt, 2,3% Rohasche, 0,6% Rohfaser, 0,23% Calcium, 0,18% Phosphor Lamm & Reis: 11,3% Protein, 7,3% Fettgehalt, 2,1% Rohasche, 0,5% Rohfaser, 0,19% Calcium, 0,15% Phosphor Zusammensetzung Rind & Reis: 68% Rind (aus Herzen, Fleisch, Lungen, Lebern), 27,5% Trinkwasser, 3% Reis, 1% Mineralstoffe, 0,2% Sonnenblumenöl, 0,2% Fructo-Oligosaccharide, 0,1% Rapsöl Huhn & Reis: 68% Huhn (aus Herzen, Fleisch, Mägen, Lebern, Hälsen, Fett), 27,5% Trinkwasser, 3% Reis, 0,2% Sonnenblumenöl, 0,2% Fructo-Oligosaccharide, 0,1% Rapsöl Lamm & Reis: 68% Lamm (aus Herzen, Fleisch, Lebern, Lungen), 27,5% Trinkwasser, 3% Reis, 1% Mineralstoffe, 0,2% Sonnenblumenöl, 0,2% Fructo-Oligosaccharide, 0,1% Rapsöl Feuchtegehalt Rind  Reis: 75% Huhn  Reis: 77% Lamm  Reis: 75% Zusatzstoffe pro kg Rind & Reis: Ernährungsphysiologische Zusatzstoffe: 200 IE Vitamin D3, 20mg Vitamin E, 0,75mg 3b202 (Jod), 1,4mg 3b503 (Mangan), 15mg 3b603 (Zink), 300μg 3a880 (Biotin) Huhn & Reis: Ernährungsphysiologische Zusatzstoffe: 200 IE Vitamin D3, 20mg Vitamin E, 1mg E4 (Kupfer), 0,75mg 3b202 (Jod), 1,4mg 3b503 (Mangan), 15mg 3b603 (Zink), 300μg 3a880 (Biotin) Lamm & Reis: Ernährungsphysiologische Zusatzstoffe: 200 IE Vitamin D3, 20mg Vitamin E, 0,75mg 3b202 (Jod), 1,4mg 3b503 (Mangan), 15mg 3b603 (Zink), 300μg 3a880 (Biotin)",
  "instock": true,
  "retail_limit": "10x"
},
{
  "_id": {
    "$oid": "66bef411a9267700a3bd01f0"
  },
  "unique_id": 1120585,
  "competitor_name": "fressnapf",
  "product_name": "bosch Soft Land-Ente & Kartoffel 2.5 kg",
  "brand": "bosch",
  "regular_price": 15.99,
  "selling_price": 15.99,
  "price_per_unit": "€6.40/kg",
  "currency": "EUR",
  "breadcrumb": "Heimat > Hund > Hundefutter > Hundetrockenfutter > bosch Soft Land-Ente & Kartoffel 2,5 kg",
  "pdp_url": "https://www.fressnapf.at/p/bosch-soft-land-ente--kartoffel-25-kg-1120585/",
  "product_description": "bosch\nArt.Nr.: 1120585\nbosch SOFT Land-Ente ist ein Single-Protein-Produkt für die ausgewogene Ernährung ausgewachsener Hunde aller Rassen.\nbosch SOFT Land-Ente ist besonders für ernährungssensible Hunde geeignet, die unter Futterunverträglichkeiten und Allergien leiden.\nDer hohe Anteil an frischer Land-Ente (60%) als alleinige, tierische Proteinquelle und hochverdauliche Kartoffel als Kohlenhydratquelle verwöhnen ihren Hund schonend und natürlich getreidefrei. Die weiche  Krokette (18 % Feuchte) macht bosch SOFT Land-Ente zu einem besonderen Geschmackserlebnis für Ihren Hund und ist besonders verträglich\nAusgezeichnet als besonders schmackhaft und bekömmlich.\nDie Vorteile im Überblick:\n60% frische Land-Ente\nGetreidefrei\nHochverdauliche Kartoffel\nFür ernährungssensible Hunde\nHohe Akzeptanz\nSingle Animal Protein-Produkt\nAlleinfuttermittel für Hunde, weitere Informationen erhalten Sie hier: info@bosch-tiernahrung.de",
  "rating": 4.47,
  "review": 86,
  "ingredients": "Analytische Bestandteile Protein 21,0 %, Fettgehalt 17,0 %, Rohfaser 2,5 %, Rohasche 5,9 %, Phosphor 0,8 %, Calcium 1,2 %, Natrium 0,2 %, Kalium 0,6 %, Magnesium 0,05 %. umsetzbare Energie 353 kcal/100 g (14,73 MJ/kg) Zusammensetzung Frische Ente (60 %), Kartoffelstärke, Kartoffelmehl, Kartoffelprotein (7 %), Erbsen (getrocknet), Proteinhydrolysat (von der Ente), Dicalciumphosphat, Erbsenfasern, Hefe (getrocknet, inkl. 0,04 % Beta-Glucane), Flohsamen (Psyllium), Natriumchlorid, Yucca (getrocknet), Glukosamin, Chondroitinsulfat, Chicorée (getrocknet, 0,02 %). Feuchtegehalt 19% Zusatzstoffe pro kg Ernährungsphysiologische Zusatzstoffe je kg Vitamin A 12.000 I.E., Vitamin D3 1.200 I.E., Vitamin B1 10 mg, Vitamin B2 10 mg, Vitamin B6 6 mg, Vitamin B12 40 mcg, Biotin 350 mcg, Pantothensäure 20 mg, Niacin 40 mg, Folsäure 2,0 mg, Vitamin C 80 mg, Cholinchlorid 1.350 mg, Vitamin E 70 mg. Spurenelemente je kg Zink (als Aminosäuren-Zinkchelat Hydrat) 25 mg, Kupfer (als Kupfer(II)-sulfat-Pentahydrat) 10 mg, Mangan 10 mg, Jod (als Kalziumjodat, wasserfrei) 2,0 mg, Selen (als Natriumselenit) 0,2 mg, Zink (als Zinkoxid) 70 mg, Eisen 130 mg. Technologische Zusatzstoffe: Antioxidationsmittel, Konservierungsmittel Sonstiges: Fleischanteil bzw. Anteil Eiweißträger tierischen Ursprungs 61,70 % Anteil Eiweiß tierischen Ursprungs am Gesamteiweiß: 50,60 %",
  "instock": true,
  "retail_limit": "10x"
},
{
  "_id": {
    "$oid": "66bef411a9267700a3bd01f1"
  },
  "unique_id": 1243821,
  "competitor_name": "fressnapf",
  "product_name": "MultiFit Mellos 3x1.5kg Rind und Karotten",
  "brand": "MultiFit",
  "regular_price": 14.97,
  "selling_price": 14.97,
  "price_per_unit": "€3.33/kg",
  "currency": "EUR",
  "breadcrumb": "Heimat > Hund > Hundefutter > Hundetrockenfutter > MultiFit Mellos 3x1,5kg Rind und Karotten",
  "pdp_url": "https://www.fressnapf.at/p/multifit-mellos-3x15kg-rind-und-karotten-1243821/",
  "product_description": "MultiFit\nArt.Nr.: 1243821\nDie kleinen, aromatischen Kroketten haben einen erhöhten Feuchtigkeitsgehalt für eine weiche Struktur und ein angenehmes Kaugefühl.\nMultiFit mellos ist eine ausgewogene und schmackhafte Komplettmahlzeit ohne Zusatz von künstlichen Aromastoffen und Geschmacksverstärkern.\nEin angepasster Gehalt an Vitamin D3 sowie Calcium und Phosphor im richtigen Verhältnis können die Vitalität Ihres Hundes fördern und stabile Knochen und gesunde Zähne unterstützen.\nAlleinfuttermittel für ausgewachsene Hunde., weitere Informationen finden Sie  hier:\ninfo@fressnapf.com\n.\nInverkehrbringer\nMultiFit Tiernahrungs GmbH, Westpreußenstr. 32-38, 47809 Krefeld",
  "rating": 4.57,
  "review": 42,
  "distributor_address": "MultiFit Tiernahrungs GmbH, Westpreußenstr. 32-38, 47809 Krefeld",
  "ingredients": "Analytische Bestandteile Protein 20%, Fettgehalt 12%, Rohasche 8,3%, Rohfaser 2,5%, Calcium 1,5%, Phosphor 1,1%. Zusammensetzung Getreide, Fleisch und tierische Nebenerzeugnisse (u. a. 14% Rinderprotein, 4% frisches Rindfleisch), pflanzliche Nebenerzeugnisse, Gemüse (4% Karotten, 4% Spinat), Öle und Fette, Mineralstoffe Zusatzstoffe pro kg Ernährungsphysiologische Zusatzstoffe: Vitamin A 10000 IE, Vitamin D3 1000 IE, Kupfer (Kupfer(II)-sulfat, Pentahydrat) 9mg, Jod (Kalziumjodat, wasserfrei) 1,7mg, Selen (Natriumselenit) 0,17mg, Zink (Zinkoxid) 60mg.",
  "instock": true,
  "retail_limit": "8x"
},
{
  "_id": {
    "$oid": "66bef411a9267700a3bd01f2"
  },
  "unique_id": 1255998,
  "competitor_name": "fressnapf",
  "product_name": "PERFECT FIT Beutel Senior 7+ mit Huhn 6x750 g",
  "brand": "PERFECT FIT",
  "regular_price": 24.99,
  "selling_price": 24.99,
  "price_per_unit": "€5.55/kg",
  "currency": "EUR",
  "breadcrumb": "Heimat > Katze > Katzenfutter > Trockenfutter > PERFECT FIT Beutel Senior 7+ mit Huhn 6x750 g",
  "pdp_url": "https://www.fressnapf.at/p/perfect-fit-beutel-senior-7-mit-huhn-6x750-g-1255998/",
  "product_description": "PERFECT FIT\nArt.Nr.: 1255998\nPerfect Fit ist ein hochwertiges Katzentrockenfutter, mit dem Ihr Liebling seine jugendliche Energie bis ins hohe Alter beibehält. Perfect Fit Katzenfutter mit der hochwirksamen Perfect-Fit-Total-5-Formel wurde in Zusammenarbeit mit unseren Tierärzten und Ernährungsspezialisten entwickelt, um die fünf wichtigsten Gesundheitsbedürfnisse einer Katze zu befriedigen, unabhängig von Alter oder Lebensweise – für ein rundum gesundes Katzenleben.Die Perfect-Fit-Total-5-Formel bietet fünffachen Schutz für ein rundum gesundes Katzenleben: für gesunde Verdauung, starke natürliche Abwehrkräfte, gesunde Harnwege, gesundes Gewicht und gute körperliche Verfassung sowie gesunde Haut und geschmeidiges Fell.Ihre Katze hat es verdient, bis ins hohe Alter glücklich, gesund und aktiv zu sein.Deshalb haben wir eine Reihe hochwertiger Katzentrockenfutter Rezepte entwickelt, die Ihrer Katze geben, was sie braucht, um rundum gesund und aktiv zu sein. Eine wahrhaft schmackhafte Katzennahrung - egal, ob Stubentiger oder Freigänger.\nPerfect Fit unterstützt die ganzheitliche Gesundheit des Körpers.Perfect Fit wird in Zusammenarbeit mit unseren Tierärzten und Ernährungswissenschaftlern des Waltham Petcare Science Institute entwickelt. Das spezielle und hochwertige Katzentrockenfutter hat eine besondere Total-5-Formel zur Unterstützung der 5 wichtigsten gesundheitlichen Bedürfnisse von Haustieren. Unsere Rezepturen werden unter Zugabe von Präbiotika zur Unterstützung des Darmmikrobioms hergestellt.\nAlleinfuttermittel für Katzen ab 7 Jahren, weitere Informationen erhalten Sie hier: E-Mail:\nkontakt@de.mars.com\nInverkehrbringer\nMars GmbH, Eitzer Str. 215, 27283 Verden (Aller)",
  "rating": 4.62,
  "review": 71,
  "distributor_address": "Mars GmbH, Eitzer Str. 215, 27283 Verden (Aller)",
  "ingredients": "Analytische Bestandteile Analytische Bestandteile (%): Protein: 35.0; Fettgehalt: 13.0; anorganischer Stoff: 8.0; Rohfaser: 3.2; Calcium: 1.4; Phosphor: 1.0; Brennwert: 379 kcal/100 g. Zusammensetzung Zusammensetzung: Fleisch und tierische Nebenerzeugnisse* (u.a. Huhn 14%), Weizen, Mais, pflanzliche Eiweissextrakte, Öle und Fette (u.a. Fischöl 0.25%**), pflanzliche Nebenerzeugnisse, Mineralstoffe, Hefen (u.a. natürliche Bierhefe 0.2%). *Natürliche Glucosamin-Quelle. **Natürliche Omega-3-Fettsäuren-Quelle. Zusatzstoffe pro kg Zusatzstoffe pro kg: Antioxidanzien, Farbstoffe; Ernährungsphysiologische Zusatzstoffe: Vitamin C: 385 mg, Vitamin D₃: 656 IE, Vitamin E: 100 mg, Taurin: 1000 mg, Kupfer (Kupfer(II)-sulfat-Pentahydrat): 4.2 mg, Jod (Kaliumjodid): 1.1 mg, Eisen (Eisen-(II)-sulfat-Monohydrat): 30.0 mg, Mangan (Mangan(II)-sulfat, Monohydrat): 22.5 mg, Selen (Natriumselenit): 0.15 mg, Zink (Zinksulfat Monohydrat): 63.8 mg.",
  "instock": true,
  "retail_limit": "10x"
},
{
  "_id": {
    "$oid": "66bef411a9267700a3bd01f3"
  },
  "unique_id": 1322951,
  "competitor_name": "fressnapf",
  "product_name": "PREMIERE Meati Sensitive Ente pur 6x400 g",
  "brand": "PREMIERE",
  "regular_price": 14.34,
  "selling_price": 14.34,
  "price_per_unit": "€5.98/kg",
  "currency": "EUR",
  "breadcrumb": "Heimat > Hund > Hundefutter > Hundenassfutter > PREMIERE Meati Sensitive Ente pur 6x400 g",
  "pdp_url": "https://www.fressnapf.at/p/premiere-meati-sensitive-ente-pur-6x400-g-1322951/",
  "variants": "{'variant': ['Pferd pur', 'Huhn & Kartoffel', 'Pferd & Kartoffeln', 'Rind pur', 'Lamm & Kartoffel', 'Lamm pur', 'Huhn pur', 'Rind & Kartoffel']}",
  "product_description": "PREMIERE\nArt.Nr.: 1322951\nPREMIERE Meati Sensitive - für ernährungssensible Hunde sowie bei Futtermittelunverträglichkeiten\nBesonders abgestimmtes Nassfutter, das sich durch folgende Vorteile auszeichnet:\nNur ein ausgewähltes Protein in der Rezeptur\nDie\nPur-Sorten\nohne pflanzliche Kohlenhydrate eignen sich besonders für Hunde, die auf Reis, Getreide oder Kartoffeln reagieren\nFür ernährungssensible Hunde geeignet\nHergestellt in Deutschland\nDie getreide- und glutenfreie Rezeptur trägt zur Schonung des Magen-Darm-Trakts und zu einer optimalen Verdauung bei und ist ideal bei Futtermittelunverträglichkeiten.\n*Schmeckt nicht? Mit unserer\nQualitätsgarantie\nbekommst du dein Geld zurück und suchst dir einfach ein anderes Futter aus.\nAlleinfuttermittel für Hunde, weitere Informationen erhalten Sie hier: info@fressnapf.com\nInverkehrbringer\nMultiFit Tiernahrungs GmbH, Westpreußenstr. 32-38, 47809 Krefeld\nFütterungsempfehlung\nGewicht des Tieres\nFuttermenge pro Tag\n5 kg\n280 g\n7 kg\n360 g\n10 kg\n470 g\n15 kg\n640 g\n20 kg\n790 g\nGewicht des Hundes und tägliche Futterration:\n5kg: 280g / Tag\n7kg: 360g / Tag\n10kg: 470g / Tag\n15kg: 550g / Tag\n20kg: 790g / Tag\nBitte nach dem Öffnen kühl aufbewahren. Zimmerwarm füttern.\nAngaben sind Richtwerte.\nDer individuelle Bedarf richtet sich nach Rasse, Alter und Aktivität.\nInhaltsstoffe\nAnalytische Bestandteile\nProtein 9%, Fettgehalt 5,5%, Rohasche 2,3%, Rohfaser 0,3%, Calcium 0,34%, Phosphor 0,26%.\nZusammensetzung\n65% Ente (Hälse, 15% Muskelfleisch, Herzen, Mägen), 1% Mineralstoffe, 0,5% Leinöl.\nFeuchtegehalt: 78%\nFeuchtegehalt\n78%\nZusatzstoffe pro kg\npro kg\nErnährungsphysiologische Zusatzstoffe: Vitamin A 2000 IE, Vitamin D3 200 IE, Kupfer (Kupfer(II)-sulfat-Pentahydrat) 1,5mg, Jod (Kalziumjodat, wasserfrei) 0,75mg, Zink (Zinkoxid) 20mg.\nKann Spuren anderer Zutaten enthalten.\nVersandinformationen\nLieferungen erfolgen ab einem Mindestbestellwert von € 19,00 inkl. Mehrwertsteuer nach Abzug von Rabatten.\nWelche Versandkosten fallen für meine Bestellung an?\nWir berechnen € 2,99 bis zu einem Bestellwert von 29,00 €  – unabhängig von der Anzahl der Artikel und der Versandart.\nLieferungen ab 29,00 € werden mit 0,99 € Versandkosten pro Bestellung berechnet. Bei Bestellungen die ein Gesamtgewicht von 31 kg überschreiten, werden je nach Gewicht zwei oder mehrere Pakete versendet (Maximalgewicht pro Paket 31 kg). Für den erhöhten Versandaufwand berechnen wir einmalig zusätzliche Versandkosten in Höhe von 2,99 € pro Bestellung.\nLieferungen sind grundsätzlich nur innerhalb Österreichs möglich.\nDie Lieferzeit beträgt 1-3 Werktage bei Bestellungen bis 16 Uhr.\nKundenbewertungen und -rezensionen verstehen\nProduktbewertungen\nWie funktionieren Bewertungen in der Fressnapf-Gruppe (einschließlich Maxi Zoo)?\nKundenmeinungen in Form von Produkt- und Sternebewertungen sind dienlich für alle Kunden. Sie ermöglichen mehr über das Produkt zu erfahren und helfen bei Kaufentscheidung. Jeder Kunde, der ein Produkt Online oder im Markt erworben hat, kann eine Bewertung abgeben. Wir beziehen zudem Bewertungen aus Dritt-Quellen, z.B. von Hersteller-Seiten. Die Bewertungsherkunft wird an den jeweiligen Rezension ausgewiesen. Für Fressnapf ist das Meinungsbild seiner Kunden wichtig, um Schwachstellen zu analysieren und die Produktqualität zu verbessern. Alle Bewertungen werden durch unseren Dienstleister Bazaarvoice auf Vertrauenswürdigkeit geprüft. Bewertungsinhalte, die gegen die Nutzungsbedingungen der Fressnapf-Gruppe verstoßen, werden abgelehnt. Sonst erfolgt die Veröffentlichung von positiven wie auch negativen Produktbewertungen.\nHier mehr Informationen rund um Produktbewertungen\n.\nWeitere Informationen zur Verarbeitung Ihrer personenbezogenen Daten entnehmen Sie bitte unseren\nDatenschutzhinweisen\n.",
  "rating": 4.32,
  "review": 314,
  "distributor_address": "MultiFit Tiernahrungs GmbH, Westpreußenstr. 32-38, 47809 Krefeld",
  "ingredients": "Analytische Bestandteile Protein 9%, Fettgehalt 5,5%, Rohasche 2,3%, Rohfaser 0,3%, Calcium 0,34%, Phosphor 0,26%. Zusammensetzung 65% Ente (Hälse, 15% Muskelfleisch, Herzen, Mägen), 1% Mineralstoffe, 0,5% Leinöl. Feuchtegehalt: 78% Feuchtegehalt 78% Zusatzstoffe pro kg pro kg Ernährungsphysiologische Zusatzstoffe: Vitamin A 2000 IE, Vitamin D3 200 IE, Kupfer (Kupfer(II)-sulfat-Pentahydrat) 1,5mg, Jod (Kalziumjodat, wasserfrei) 0,75mg, Zink (Zinkoxid) 20mg. Kann Spuren anderer Zutaten enthalten.",
  "instock": true,
  "retail_limit": "10x"
},
{
  "_id": {
    "$oid": "66bef411a9267700a3bd01f4"
  },
  "unique_id": 1003016011,
  "competitor_name": "fressnapf",
  "product_name": "ROYAL CANIN SHN Medium Adult 7+ 4 kg",
  "brand": "ROYAL CANIN",
  "regular_price": 25.99,
  "selling_price": 25.99,
  "price_per_unit": "€6.50/kg",
  "currency": "EUR",
  "breadcrumb": "Heimat > Hund > Hundefutter > Hundetrockenfutter > ROYAL CANIN SHN Medium Adult 7+ 4 kg",
  "pdp_url": "https://www.fressnapf.at/p/royal-canin-shn-medium-adult-7-4-kg-1003016011/",
  "product_description": "ROYAL CANIN\nArt.Nr.: 1003016011\nAlleinfuttermittel für Hunde - Für ältere mittelgroße Hunde (11 bis 25 kg) - Ab dem 7. Lebensjahr.\nROYAL CANIN® Medium Adult 7+ bietet eine nährstoffreiche und ausgewogene Rezeptur, die den spezifischen Bedürfnissen Ihres mittelgroßen Hundes ab sieben Jahren gerecht wird und ihn im Seniorenalter unterstützt.\nDie Nahrung ist für mittelgroße, 11 bis 25 kg schwere Hunde konzipiert und enthält einen Vitaminkomplex für den Erhalt ihrer Vitalität und Gesundheit.\nMittelgroße Hunde brauchen regelmäßige Bewegung, damit sich ihre Muskulatur gut entwickelt. Das ändert sich auch nicht, wenn sie älter werden. Die Kroketten von Medium Adult 7+ mit ihren spezifischen, hochwertigen Proteinen helfen, die Muskelmasse Ihres ausgewachsenen Hundes zu erhalten.\nDie Lebensweise Ihres ausgewachsenen Hundes kann dazu führen, dass er mit verschiedenen Umweltelementen in Kontakt kommt, die seine körpereigenen Abwehrkräfte schwächen. Diese Rezeptur enthält Präbiotika und eine Mischung aus Vitaminen, darunter Vitamin C und E, die seine natürlichen Abwehrkräfte unterstützen.\nWir haben die Größe und Form der Kroketten an den Kiefer Ihres ausgewachsenen Hundes und seine Fressgewohnheiten angepasst. Die spezielle Form regt Ihren Hund dazu an, seine Nahrung gut zu kauen.\nROYAL CANIN® Medium Adult 7+ gibt es auch als Feuchtnahrung: Stückchen in Soße. Die Mischfütterung aus Feucht- und Trockennahrung verleiht der Ernährung Ihres ausgewachsenen Hundes Abwechslung und macht die Mahlzeiten interessanter und ansprechender.\nUm die hohe Qualität unserer Nahrungen zu garantieren, durchlaufen alle Produkte von ROYAL CANIN® eine umfangreiche Qualitätskontrolle.\nAlleinfuttermittel für Hunde - Für ältere mittelgroße Hunde (11 bis 25 kg) - Ab dem 7. Lebensjahr\nInverkehrbringer\nRoyal Canin Tiernahrung GmbH, Habsburgerring 2, 50674 Köln",
  "rating": 4.81,
  "review": 36,
  "distributor_address": "Royal Canin Tiernahrung GmbH, Habsburgerring 2, 50674 Köln",
  "ingredients": "Analytische Bestandteile Protein: 25,0% - Rohfaser: 1,6% - Fettgehalt: 14,0% - Rohasche: 5,6%. Zusammensetzung Geflügelprotein getrocknet, Weizenmehl, Maismehl, Mais, Reis, Tierfett, Weizen, Weizenkleber, Rübenschnitzel, hydrolysierte Tierproteine, Maiskleber, Mineralstoffe, Sojaöl, Hefenerzeugnisse, Fischöl, Psyllium (Schalen und Samen), Fructo-Oligosaccharide, Algenöl Schizochytrium sp., Hefen (Quelle für Mannan-Oligosaccharide). Feuchtegehalt 9.5% Zusatzstoffe pro kg Ernährungsphysiologische Zusatzstoffe: Vitamin A: 21900 IE, Vitamin D3: 1000 IE, Vitamin C: 200 mg, Vitamin E: 500 mg, Eisen (3b103): 37 mg, Jod (3b201, 3b202): 3,7 mg, Kupfer (3b405, 3b406): 12 mg, Mangan (3b502, 3b504): 49 mg, Zink (3b603, 3b605, 3b606): 132 mg, Selen (3b801, 3b811, 3b812): 0,09 mg - Konservierungsstoffe - Antioxidantien.",
  "instock": true,
  "retail_limit": "10x"
},
{
  "_id": {
    "$oid": "66bef411a9267700a3bd01f5"
  },
  "unique_id": 1244532,
  "competitor_name": "fressnapf",
  "product_name": "PREMIERE Meati Mixpaket 6x400g Mixpaket 2",
  "brand": "PREMIERE",
  "regular_price": 11.29,
  "selling_price": 11.29,
  "price_per_unit": "€4.70/kg",
  "currency": "EUR",
  "breadcrumb": "Heimat > Hund > Hundefutter > Hundenassfutter > PREMIERE Meati Mixpaket 6x400g Mixpaket 2",
  "pdp_url": "https://www.fressnapf.at/p/premiere-meati-mixpaket-6x400g-mixpaket-2-1244532/",
  "product_description": "PREMIERE\nArt.Nr.: 1244532\nMixpaket mit verschiedenen Sorten - ideal zum probieren und für mehr Abwechslung!\nPREMIERE Meati – der pure Fleischgenuss!\nEin ausgewogenes Nassfutter mit purem Fleischgenuss für ausgewachsene Hunde.\nDie hochwertigen Zutaten und eine schonende Verarbeitung garantieren eine ausgezeichnete Verträglichkeit.\n71% Fleisch und Innereien: Der hohe Fleischanteil und die saftigen, natürlichen Fleischstücke in PREMIERE Meati machen dieses Produkt so besonders und schmackhaft.\nAbwehrkräfte: Die im Leinöl enthaltenen mehrfach ungesättigten Omega-3-Fettsäuren können die körpereigenen Abwehrkräfte unterstützen und zum Zellschutz beitragen.\noptimale Verdauung: Durch die in den Rübenfasern enthaltenen Ballaststoffe wird eine optimale Verdauung gefördert.\nDie Mixpakete setzen sich aus folgenden Sorten zusammen:\nMixpaket I: 2 x Hühnerherzen, 1 x Rind, 1 x Kalb; 1 x Lamm, 1 x Pansen\nMixpaket II: 2 x Hühnerherzen, 2 x Kalb; 2 x Lamm\nMixpaket III: 2 x Hühnerherzen, 2 x Rind, 2 x Rentier\nMixpaket IV: 2x Entenherzen, 2 x Rentier, 1 x Wildschwein, 1 x Wildvariationen\n*Schmeckt nicht? Mit unserer\nQualitätsgarantie\nbekommst du dein Geld zurück und suchst dir einfach ein anderes Futter aus.\nAlleinfuttermittel für Hunde, weitere Informationen erhalten Sie hier: info@fressnapf.com\nFütterungsempfehlung\nGewicht des Tieres\nFuttermenge pro Tag\n5 kg\n270 g\n7 kg\n350 g\n10 kg\n450 g\n15 kg\n610 g\n20 kg\n760 g\nInhaltsstoffe\nAnalytische Bestandteile\nHühnerherzen: Protein 10,8%, Fettgehalt 6,9%, Rohasche 2,4%, Rohfaser 0,6%, Calcium 0,23%, Phosphor 0,17%, Omega-3-Fettsäuren 0,15%\nKalb: Protein 11%, Fettgehalt 7,1%, Rohasche 2,4%, Rohfaser 0,6%, Calcium 0,21%, Phosphor 0,16%, Omega-3- Fettsäuren 0,15%.\nLamm: Protein 10,6%, Fettgehalt 7%, Rohasche 2,2%, Rohfaser 0,6%, Calcium 0,21%, Phosphor 0,15%, Omega-3-Fettsäuren 0,15%\nZusammensetzung\nHühnerherzen: : 71% Fleisch und tierische Nebenerzeugnisse (davon 15% ganze Hühnerherzen), Mineralstoffe, Öle und Fette (0,2% Leinöl), pflanzliche Nebenerzeugnisse (0,2% Rübenfasern). Anteil Muskelfleisch 15%. Kalb: 71% Fleisch und tierische Nebenerzeugnisse (davon 10% Kalbsherzen, 10% Kalbslungen, 10% Kalbspansen), Mineralstoffe, Öle und Fette (0,2% Leinöl), pflanzliche Nebenerzeugnisse (0,2% Rübenfasern). Anteil Muskelfleisch 15% Lamm:71% Fleisch und tierische Nebenerzeugnisse (davon 13% Lammherzen, 12% Lammlungen, 5% Lammpansen), Mineralstoffe, Öle und Fette (0,2% Leinöl), pflanzliche Nebenerzeugnisse (0,2% Rübenfasern). Anteil Muskelfleisch 15%.\nFeuchtegehalt\nHühnerherzen: 77% Kalb, Lamm: 76%\nZusatzstoffe pro kg\nHühnerherzen: Ernährungsphysiologische Zusatzstoffe: Vitamin D3 200 IE, Jod (Kalziumjodat, wasserfrei) 0,75mg, Mangan (Mangan(II)-sulfat, Monohydrat) 1,4mg, Zink (Zinksulfat,Monohydrat) 25mg, Biotin 300mcg  Kalb: Ernährungsphysiologische Zusatzstoffe: Vitamin D3 200 IE, Jod (Kalziumjodat, wasserfrei) 0,75mg, Mangan (Mangan(II)-sulfat,Monohydrat) 1,4mg, Zink (Zinksulfat, Monohydrat) 25mg, Biotin 300mcg. Lamm: Ernährungsphysiologische Zusatzstoffe: Vitamin D3 200 IE, Jod (Kalziumjodat, wasserfrei) 0,75mg, Mangan (Mangan(II)-sulfat, Monohydrat) 1,4mg, Zink (Zinksulfat, Monohydrat) 25mg, Biotin 300mcg Kann Spuren anderer Zutaten enthalten.\nVersandinformationen\nLieferungen erfolgen ab einem Mindestbestellwert von € 19,00 inkl. Mehrwertsteuer nach Abzug von Rabatten.\nWelche Versandkosten fallen für meine Bestellung an?\nWir berechnen € 2,99 bis zu einem Bestellwert von 29,00 €  – unabhängig von der Anzahl der Artikel und der Versandart.\nLieferungen ab 29,00 € werden mit 0,99 € Versandkosten pro Bestellung berechnet. Bei Bestellungen die ein Gesamtgewicht von 31 kg überschreiten, werden je nach Gewicht zwei oder mehrere Pakete versendet (Maximalgewicht pro Paket 31 kg). Für den erhöhten Versandaufwand berechnen wir einmalig zusätzliche Versandkosten in Höhe von 2,99 € pro Bestellung.\nLieferungen sind grundsätzlich nur innerhalb Österreichs möglich.\nDie Lieferzeit beträgt 1-3 Werktage bei Bestellungen bis 16 Uhr.\nKundenbewertungen und -rezensionen verstehen\nProduktbewertungen\nWie funktionieren Bewertungen in der Fressnapf-Gruppe (einschließlich Maxi Zoo)?\nKundenmeinungen in Form von Produkt- und Sternebewertungen sind dienlich für alle Kunden. Sie ermöglichen mehr über das Produkt zu erfahren und helfen bei Kaufentscheidung. Jeder Kunde, der ein Produkt Online oder im Markt erworben hat, kann eine Bewertung abgeben. Wir beziehen zudem Bewertungen aus Dritt-Quellen, z.B. von Hersteller-Seiten. Die Bewertungsherkunft wird an den jeweiligen Rezension ausgewiesen. Für Fressnapf ist das Meinungsbild seiner Kunden wichtig, um Schwachstellen zu analysieren und die Produktqualität zu verbessern. Alle Bewertungen werden durch unseren Dienstleister Bazaarvoice auf Vertrauenswürdigkeit geprüft. Bewertungsinhalte, die gegen die Nutzungsbedingungen der Fressnapf-Gruppe verstoßen, werden abgelehnt. Sonst erfolgt die Veröffentlichung von positiven wie auch negativen Produktbewertungen.\nHier mehr Informationen rund um Produktbewertungen\n.\nWeitere Informationen zur Verarbeitung Ihrer personenbezogenen Daten entnehmen Sie bitte unseren\nDatenschutzhinweisen\n.",
  "rating": 4.76,
  "review": 350,
  "ingredients": "Analytische Bestandteile Hühnerherzen: Protein 10,8%, Fettgehalt 6,9%, Rohasche 2,4%, Rohfaser 0,6%, Calcium 0,23%, Phosphor 0,17%, Omega-3-Fettsäuren 0,15% Kalb: Protein 11%, Fettgehalt 7,1%, Rohasche 2,4%, Rohfaser 0,6%, Calcium 0,21%, Phosphor 0,16%, Omega-3- Fettsäuren 0,15%. Lamm: Protein 10,6%, Fettgehalt 7%, Rohasche 2,2%, Rohfaser 0,6%, Calcium 0,21%, Phosphor 0,15%, Omega-3-Fettsäuren 0,15% Zusammensetzung Hühnerherzen: : 71% Fleisch und tierische Nebenerzeugnisse (davon 15% ganze Hühnerherzen), Mineralstoffe, Öle und Fette (0,2% Leinöl), pflanzliche Nebenerzeugnisse (0,2% Rübenfasern). Anteil Muskelfleisch 15%. Kalb: 71% Fleisch und tierische Nebenerzeugnisse (davon 10% Kalbsherzen, 10% Kalbslungen, 10% Kalbspansen), Mineralstoffe, Öle und Fette (0,2% Leinöl), pflanzliche Nebenerzeugnisse (0,2% Rübenfasern). Anteil Muskelfleisch 15% Lamm:71% Fleisch und tierische Nebenerzeugnisse (davon 13% Lammherzen, 12% Lammlungen, 5% Lammpansen), Mineralstoffe, Öle und Fette (0,2% Leinöl), pflanzliche Nebenerzeugnisse (0,2% Rübenfasern). Anteil Muskelfleisch 15%. Feuchtegehalt Hühnerherzen: 77% Kalb, Lamm: 76% Zusatzstoffe pro kg Hühnerherzen: Ernährungsphysiologische Zusatzstoffe: Vitamin D3 200 IE, Jod (Kalziumjodat, wasserfrei) 0,75mg, Mangan (Mangan(II)-sulfat, Monohydrat) 1,4mg, Zink (Zinksulfat,Monohydrat) 25mg, Biotin 300mcg  Kalb: Ernährungsphysiologische Zusatzstoffe: Vitamin D3 200 IE, Jod (Kalziumjodat, wasserfrei) 0,75mg, Mangan (Mangan(II)-sulfat,Monohydrat) 1,4mg, Zink (Zinksulfat, Monohydrat) 25mg, Biotin 300mcg. Lamm: Ernährungsphysiologische Zusatzstoffe: Vitamin D3 200 IE, Jod (Kalziumjodat, wasserfrei) 0,75mg, Mangan (Mangan(II)-sulfat, Monohydrat) 1,4mg, Zink (Zinksulfat, Monohydrat) 25mg, Biotin 300mcg Kann Spuren anderer Zutaten enthalten.",
  "instock": true,
  "retail_limit": "10x"
},
{
  "_id": {
    "$oid": "66bef411a9267700a3bd01f6"
  },
  "unique_id": 1311983,
  "competitor_name": "fressnapf",
  "product_name": "PREMIERE Meati Mixpaket 6x400g Mixpaket 3",
  "brand": "PREMIERE",
  "regular_price": 11.29,
  "selling_price": 11.29,
  "price_per_unit": "€4.70/kg",
  "currency": "EUR",
  "breadcrumb": "Heimat > Hund > Hundefutter > Hundenassfutter > PREMIERE Meati Mixpaket 6x400g Mixpaket 3",
  "pdp_url": "https://www.fressnapf.at/p/premiere-meati-mixpaket-6x400g-mixpaket-3-1311983/",
  "product_description": "PREMIERE\nArt.Nr.: 1311983\nMixpaket mit verschiedenen Sorten - ideal zum probieren und für mehr Abwechslung!\nPREMIERE Meati – der pure Fleischgenuss!\nEin ausgewogenes Nassfutter mit purem Fleischgenuss für ausgewachsene Hunde.\nDie hochwertigen Zutaten und eine schonende Verarbeitung garantieren eine ausgezeichnete Verträglichkeit.\n71% Fleisch und Innereien: Der hohe Fleischanteil und die saftigen, natürlichen Fleischstücke in PREMIERE Meati machen dieses Produkt so besonders und schmackhaft.\nAbwehrkräfte: Die im Leinöl enthaltenen mehrfach ungesättigten Omega-3-Fettsäuren können die körpereigenen Abwehrkräfte unterstützen und zum Zellschutz beitragen.\noptimale Verdauung: Durch die in den Rübenfasern enthaltenen Ballaststoffe wird eine optimale Verdauung gefördert.\nDie Mixpakete setzen sich aus folgenden Sorten zusammen:\nMixpaket I: 2 x Hühnerherzen, 1 x Rind, 1 x Kalb; 1 x Lamm, 1 x Pansen\nMixpaket II: 2 x Hühnerherzen, 2 x Kalb; 2 x Lamm\nMixpaket III: 2 x Hühnerherzen, 2 x Rind, 2 x Rentier\nMixpaket IV: 2x Entenherzen, 2 x Rentier, 1 x Wildschwein, 1 x Wildvariationen\n*Schmeckt nicht? Mit unserer\nQualitätsgarantie\nbekommst du dein Geld zurück und suchst dir einfach ein anderes Futter aus.\nAlleinfuttermittel für Hunde, weitere Informationen erhalten Sie hier: info@fressnapf.com\nFütterungsempfehlung\nGewicht des Hundes\nPremiere Meati Hühnerherzen\nPremiere Meati Rentier\nPremiere Meati Rind\n5kg\n270g\n270g\n270g\n7kg\n350g\n350g\n350g\n10kg\n450g\n450g\n450g\n15kg\n610g\n610g\n610g\n20kg\n760g\n760g\n760g\nInhaltsstoffe\nAnalytische Bestandteile\nHühnerherzen: Protein 10,8%, Fettgehalt 6,9%, Rohasche 2,4%, Rohfaser 0,6%, Calcium 0,23%, Phosphor 0,17%, Omega-3-Fettsäuren 0,15%\nRind: Protein 10,8%, Fettgehalt 7,1%, Rohasche 2,2%, Rohfaser 0,6%, Calcium 0,22%, Phosphor 0,15%, Omega-3-Fettsäuren 0,15%\nRentier: Protein 10,7%, Fettgehalt 6,8%, Rohasche 2,5%, Rohfaser 0,6%, Calcium 0,24%, Phosphor 0,18%, Omega-3-Fettsäuren 0,15%.\nZusammensetzung\nHühnerherzen: 71% Fleisch und tierische Nebenerzeugnisse (davon 15% Hühnerherzen), Mineralstoffe, Öle und Fette (0,2% Leinöl), pflanzliche Nebenerzeugnisse (0,2% Rübenfaser). Anteil Muskelfleisch 15% Rind: 71% Fleisch und tierische Nebenerzeugnisse (davon 12% Rindfleisch, 6% Rinderherzen, 6% Rinderlebern, 6% Rinderpansen), Mineralstoffe , Öle und Fette (0,2% Leinöl), pflanzliche Nebenerzeugnisse (0,2% Rübenfasern). Anteil Muskelfleisch 15%. Rentier: 71% Fleisch und tierische Nebenerzeugnisse (davon 20% Rentier), Mineralstoffe, Öle und Fette (0,2% Leinöl), pflanzliche Nebenerzeugnisse (0,2% Rübenfaser). Anteil Muskelfleisch (15%).\nFeuchtegehalt\n77%\nZusatzstoffe pro kg\nHühnerherzen: Ernährungsphysiologische Zusatzstoffe: Vitamin D3 200 IE, Jod (Kalziumjodat, wasserfrei) 0,75mg, Mangan (Mangan(II)-sulfat, Monohydrat) 1,4mg, Zink (Zinksulfat, Monohydrat) 25mg, Biotin 300mcg. Rind: Ernährungsphysiologische Zusatzstoffe: Vitamin D3 200 IE, Jod (Kalziumjodat, wasserfrei) 0,75mg, Mangan (Mangan(II)-sulfat, Monohydrat) 1,4mg, Zink (Zinksulfat, Monohydrat) 25mg, Biotin 300mcg. Rentier: Ernährungsphysiologische Zusatzstoffe: Vitamin D3 200 IE, Jod (Kalziumjodat, wasserfrei) 0,75mg, Mangan (Mangan(II)-sulfat, Monohydrat) 1,4mg, Zink (Zinksulfat, Monohydrat) 25mg, Biotin 300mcg.  Kann Spuren anderer Zutaten enthalten.\nVersandinformationen\nLieferungen erfolgen ab einem Mindestbestellwert von € 19,00 inkl. Mehrwertsteuer nach Abzug von Rabatten.\nWelche Versandkosten fallen für meine Bestellung an?\nWir berechnen € 2,99 bis zu einem Bestellwert von 29,00 €  – unabhängig von der Anzahl der Artikel und der Versandart.\nLieferungen ab 29,00 € werden mit 0,99 € Versandkosten pro Bestellung berechnet. Bei Bestellungen die ein Gesamtgewicht von 31 kg überschreiten, werden je nach Gewicht zwei oder mehrere Pakete versendet (Maximalgewicht pro Paket 31 kg). Für den erhöhten Versandaufwand berechnen wir einmalig zusätzliche Versandkosten in Höhe von 2,99 € pro Bestellung.\nLieferungen sind grundsätzlich nur innerhalb Österreichs möglich.\nDie Lieferzeit beträgt 1-3 Werktage bei Bestellungen bis 16 Uhr.\nKundenbewertungen und -rezensionen verstehen\nProduktbewertungen\nWie funktionieren Bewertungen in der Fressnapf-Gruppe (einschließlich Maxi Zoo)?\nKundenmeinungen in Form von Produkt- und Sternebewertungen sind dienlich für alle Kunden. Sie ermöglichen mehr über das Produkt zu erfahren und helfen bei Kaufentscheidung. Jeder Kunde, der ein Produkt Online oder im Markt erworben hat, kann eine Bewertung abgeben. Wir beziehen zudem Bewertungen aus Dritt-Quellen, z.B. von Hersteller-Seiten. Die Bewertungsherkunft wird an den jeweiligen Rezension ausgewiesen. Für Fressnapf ist das Meinungsbild seiner Kunden wichtig, um Schwachstellen zu analysieren und die Produktqualität zu verbessern. Alle Bewertungen werden durch unseren Dienstleister Bazaarvoice auf Vertrauenswürdigkeit geprüft. Bewertungsinhalte, die gegen die Nutzungsbedingungen der Fressnapf-Gruppe verstoßen, werden abgelehnt. Sonst erfolgt die Veröffentlichung von positiven wie auch negativen Produktbewertungen.\nHier mehr Informationen rund um Produktbewertungen\n.\nWeitere Informationen zur Verarbeitung Ihrer personenbezogenen Daten entnehmen Sie bitte unseren\nDatenschutzhinweisen\n.",
  "rating": 4.76,
  "review": 350,
  "ingredients": "Analytische Bestandteile Hühnerherzen: Protein 10,8%, Fettgehalt 6,9%, Rohasche 2,4%, Rohfaser 0,6%, Calcium 0,23%, Phosphor 0,17%, Omega-3-Fettsäuren 0,15% Rind: Protein 10,8%, Fettgehalt 7,1%, Rohasche 2,2%, Rohfaser 0,6%, Calcium 0,22%, Phosphor 0,15%, Omega-3-Fettsäuren 0,15% Rentier: Protein 10,7%, Fettgehalt 6,8%, Rohasche 2,5%, Rohfaser 0,6%, Calcium 0,24%, Phosphor 0,18%, Omega-3-Fettsäuren 0,15%. Zusammensetzung Hühnerherzen: 71% Fleisch und tierische Nebenerzeugnisse (davon 15% Hühnerherzen), Mineralstoffe, Öle und Fette (0,2% Leinöl), pflanzliche Nebenerzeugnisse (0,2% Rübenfaser). Anteil Muskelfleisch 15% Rind: 71% Fleisch und tierische Nebenerzeugnisse (davon 12% Rindfleisch, 6% Rinderherzen, 6% Rinderlebern, 6% Rinderpansen), Mineralstoffe , Öle und Fette (0,2% Leinöl), pflanzliche Nebenerzeugnisse (0,2% Rübenfasern). Anteil Muskelfleisch 15%. Rentier: 71% Fleisch und tierische Nebenerzeugnisse (davon 20% Rentier), Mineralstoffe, Öle und Fette (0,2% Leinöl), pflanzliche Nebenerzeugnisse (0,2% Rübenfaser). Anteil Muskelfleisch (15%). Feuchtegehalt 77% Zusatzstoffe pro kg Hühnerherzen: Ernährungsphysiologische Zusatzstoffe: Vitamin D3 200 IE, Jod (Kalziumjodat, wasserfrei) 0,75mg, Mangan (Mangan(II)-sulfat, Monohydrat) 1,4mg, Zink (Zinksulfat, Monohydrat) 25mg, Biotin 300mcg. Rind: Ernährungsphysiologische Zusatzstoffe: Vitamin D3 200 IE, Jod (Kalziumjodat, wasserfrei) 0,75mg, Mangan (Mangan(II)-sulfat, Monohydrat) 1,4mg, Zink (Zinksulfat, Monohydrat) 25mg, Biotin 300mcg. Rentier: Ernährungsphysiologische Zusatzstoffe: Vitamin D3 200 IE, Jod (Kalziumjodat, wasserfrei) 0,75mg, Mangan (Mangan(II)-sulfat, Monohydrat) 1,4mg, Zink (Zinksulfat, Monohydrat) 25mg, Biotin 300mcg.  Kann Spuren anderer Zutaten enthalten.",
  "instock": true,
  "retail_limit": "10x"
},
{
  "_id": {
    "$oid": "66bef411a9267700a3bd01f7"
  },
  "unique_id": 1248536,
  "competitor_name": "fressnapf",
  "product_name": "REAL NATURE Adult 16x100g Lamm & Putenleber",
  "brand": "REAL NATURE",
  "regular_price": 27.04,
  "selling_price": 27.04,
  "price_per_unit": "€15.91/kg",
  "currency": "EUR",
  "breadcrumb": "Heimat > Hund > Hundefutter > Hundenassfutter > REAL NATURE Adult 16x100g Lamm & Putenleber",
  "pdp_url": "https://www.fressnapf.at/p/real-nature-adult-16x100g-lamm--putenleber-1248536/",
  "product_description": "REAL NATURE\nArt.Nr.: 1248536\nREAL NATURE ist speziell auf die Bedürfnisse Ihres Hundes abgestimmt und berücksichtigt den besonderen Nährstoffbedarf in jedem Altersabschnitt.\nDie hochqualitative Vollnahrung enthält ein, zwei oder maximal drei verschiedene tierische Proteinquellen, hochwertigste pflanzliche Komponenten wie Kartoffeln oder Vollkornnudeln und wertvolle Öle, deren essenzielle Omega-6-Fettsäuren zur Haut- und Fellgesundheit beitragen können.\nBesonderheiten\nGeeignet für ausgewachsene Hunde ab dem 9. bzw. 25. Lebensmonat bis zum 6. bzw. 8. Lebensjahr, je nach Rasse und Größe.\nSchonende Zubereitung\nDie REAL NATURE Nassnahrung wird durch das Verfahren der Kaltabfüllung hergestellt. Das heißt: Die Zutaten werden kalt in die Dose abgefüllt und nur einmal erhitzt. Durch dieses einmalige Erhitzen bleiben die Nährstoffe der erlesenen Ingredienzien weitgehend erhalten.\nFeinste Zutaten aus der Natur\nDie hochqualitative Vollnahrung enthält ein, zwei oder maximal drei verschiedene tierische Proteinquellen, hochwertigste pflanzliche Komponenten wie Kartoffeln oder Vollkornnudeln und wertvolle Öle, deren essenziellen Omega-6-Fettsäuren zur Haut- und Fellgesundheit beitragen können.\nREAL NATURE Alleinfuttermittel ist durch Kaltabfüllung besonders schonend verarbeitet, enthält kein Tier- und Knochenmehl und keine künstlichen Zusatz- und Konservierungsstoffe.\nEhrliche Deklaration\nWas drin ist, steht auch drauf! REAL NATURE gibt das Beste aus der Natur weiter. Alle Zutaten werden gewissenhaft ausgewählt, um den höchsten Qualitätsanforderungen gerecht zu werden.\nDie Vorteile im Überblick:\n100% natürlich1: Zutaten höchster Qualität, keine Zusatzstoffe wie Zucker, Farbstoffe, Aromastoffe oder Konservierungsmittel.\nSchutz der natürlichen Nährwerte\nohne Tier- und Knochenmehl\n1 in den eingesetzten Rohstoffen\nMöchtest du mehr über die Produkte von REAL NATURE für Hunde erfahren? Tauche\nhier\nin die Welt der Produktvielfalt von REAL NATURE ein!\nAlleinfuttermittel für ausgewachsene Hunde ab dem 9. bzw. 25. Lebensmonat bis zum 6. bzw. 8. Lebensjahr, je nach Rasse und Größe.\nMehr Produktinfos\nInverkehrbringer\nMultiFit Tiernahrungs GmbH, Westpreußenstr. 32-38, 47809 Krefeld",
  "special_nutrition_purpose": "Alleinfuttermittel für Ihren Hund, weitere Informationen erhalten Sie hier: info@fressnapf.com",
  "rating": 4.45,
  "review": 60,
  "distributor_address": "MultiFit Tiernahrungs GmbH, Westpreußenstr. 32-38, 47809 Krefeld",
  "ingredients": "Analytische Bestandteile Protein 10,5%, Fettgehalt 5,5%, Rohasche 2%, Rohfaser 0,3%, Calcium 0,46%, Phosphor 0,29%. Zusammensetzung 50% Huhn (aus Fleisch, Lebern, Hälsen), 10% Lamm (aus Lungen), 8%Putenleber, 2,5% Nudeln, 1,7% Mineralstoffe, 1% Lachsöl Feuchtegehalt 77% Zusatzstoffe pro kg Ernährungsphysiologische Zusatzstoffe: Jod (3b202) 0,5mg, Mangan (3b504) 3mg, Zink (3b606) 15,2mg",
  "instock": true,
  "retail_limit": "8x"
},
{
  "_id": {
    "$oid": "66bef411a9267700a3bd01f8"
  },
  "unique_id": 1248537,
  "competitor_name": "fressnapf",
  "product_name": "REAL NATURE Adult 16x100g Huhn & Rind",
  "brand": "REAL NATURE",
  "regular_price": 27.04,
  "selling_price": 27.04,
  "price_per_unit": "€15.91/kg",
  "currency": "EUR",
  "breadcrumb": "Heimat > Hund > Hundefutter > Hundenassfutter > REAL NATURE Adult 16x100g Huhn & Rind",
  "pdp_url": "https://www.fressnapf.at/p/real-nature-adult-16x100g-huhn--rind-1248537/",
  "product_description": "REAL NATURE\nArt.Nr.: 1248537\nREAL NATURE ist speziell auf die Bedürfnisse Ihres Hundes abgestimmt und berücksichtigt den besonderen Nährstoffbedarf in jedem Altersabschnitt.\nDie hochqualitative Vollnahrung enthält ein, zwei oder maximal drei verschiedene tierische Proteinquellen, hochwertigste pflanzliche Komponenten wie Kartoffeln oder Vollkornnudeln und wertvolle Öle, deren essenzielle Omega-6-Fettsäuren zur Haut- und Fellgesundheit beitragen können.\nBesonderheiten\nGeeignet für ausgewachsene Hunde ab dem 9. bzw. 25. Lebensmonat bis zum 6. bzw. 8. Lebensjahr, je nach Rasse und Größe.\nSchonende Zubereitung\nDie REAL NATURE Nassnahrung wird durch das Verfahren der Kaltabfüllung hergestellt. Das heißt: Die Zutaten werden kalt in die Dose abgefüllt und nur einmal erhitzt. Durch dieses einmalige Erhitzen bleiben die Nährstoffe der erlesenen Ingredienzien weitgehend erhalten.\nFeinste Zutaten aus der Natur\nDie hochqualitative Vollnahrung enthält ein, zwei oder maximal drei verschiedene tierische Proteinquellen, hochwertigste pflanzliche Komponenten wie Kartoffeln oder Vollkornnudeln und wertvolle Öle, deren essenziellen Omega-6-Fettsäuren zur Haut- und Fellgesundheit beitragen können.\nREAL NATURE Alleinfuttermittel ist durch Kaltabfüllung besonders schonend verarbeitet, enthält kein Tier- und Knochenmehl und keine künstlichen Zusatz- und Konservierungsstoffe.\nEhrliche Deklaration\nWas drin ist, steht auch drauf! REAL NATURE gibt das Beste aus der Natur weiter. Alle Zutaten werden gewissenhaft ausgewählt, um den höchsten Qualitätsanforderungen gerecht zu werden.\nDie Vorteile im Überblick:\n100% natürlich1: Zutaten höchster Qualität, keine Zusatzstoffe wie Zucker, Farbstoffe, Aromastoffe oder Konservierungsmittel.\nSchutz der natürlichen Nährwerte\nohne Tier- und Knochenmehl\n1 in den eingesetzten Rohstoffen\nMöchtest du mehr über die Produkte von REAL NATURE für Hunde erfahren? Tauche\nhier\nin die Welt der Produktvielfalt von REAL NATURE ein!\nAlleinfuttermittel für Ihren Hund, weitere Informationen erhalten Sie hier: info@fressnapf.com\nMehr Produktinfos\nInverkehrbringer\nMultiFit Tiernahrungs GmbH, Westpreußenstr. 32-38, 47809 Krefeld",
  "rating": 4.45,
  "review": 60,
  "distributor_address": "MultiFit Tiernahrungs GmbH, Westpreußenstr. 32-38, 47809 Krefeld",
  "ingredients": "Analytische Bestandteile 11% Protein, 6,9% Fettgehalt, 1,9% Rohasche, 0,4% Rohfaser, 0,33% Calcium, 0,29% Phosphor. Zusammensetzung 34% Kalbsherzen, 34% Huhn (aus Lebern, Mägen, Fleisch, Herzen), 25,5% Kalb- und Hühnerfleischbrühe, 5% Kartoffeln, 1% Mineralstoffe, 0,5% Kräuter der Provence. Feuchtegehalt 75% Zusatzstoffe pro kg Vitamine: 200 IE Vitamin D3, 30mg Vitamin E. Spurenelemente: 0,75mg Jod (Calciumjodat, wasserfrei), 3mg Mangan (Mangan-(II)-sulfat, Monohydrat), 0,03mg Selen (Natriumselenit), 15mg Zink (Zinksulfat, Monohydrat).",
  "instock": true,
  "retail_limit": "10x"
},
{
  "_id": {
    "$oid": "66bef411a9267700a3bd01f9"
  },
  "unique_id": 1256000,
  "competitor_name": "fressnapf",
  "product_name": "PERFECT FIT Active 1+ mit Rind 5x1.4 kg",
  "brand": "PERFECT FIT",
  "regular_price": 38.99,
  "selling_price": 38.99,
  "price_per_unit": "€5.57/kg",
  "currency": "EUR",
  "breadcrumb": "Heimat > Katze > Katzenfutter > Trockenfutter > PERFECT FIT Active 1+ mit Rind 5x1,4 kg",
  "pdp_url": "https://www.fressnapf.at/p/perfect-fit-active-1-mit-rind-5x14-kg-1256000/",
  "product_description": "PERFECT FIT\nArt.Nr.: 1256000\nPerfect Fit ist ein hochwertiges Katzentrockenfutter, mit dem Ihr Liebling seine jugendliche Energie bis ins hohe Alter beibehält. Perfect Fit Katzenfutter mit der hochwirksamen Perfect-Fit-Total-5-Formel wurde in Zusammenarbeit mit unseren Tierärzten und Ernährungsspezialisten entwickelt, um die fünf wichtigsten Gesundheitsbedürfnisse einer Katze zu befriedigen, unabhängig von Alter oder Lebensweise – für ein rundum gesundes Katzenleben.Die Perfect-Fit-Total-5-Formel bietet fünffachen Schutz für ein rundum gesundes Katzenleben: für gesunde Verdauung, starke natürliche Abwehrkräfte, gesunde Harnwege, gesundes Gewicht und gute körperliche Verfassung sowie gesunde Haut und geschmeidiges Fell.Ihre Katze hat es verdient, bis ins hohe Alter glücklich, gesund und aktiv zu sein.Deshalb haben wir eine Reihe hochwertiger Katzentrockenfutter Rezepte entwickelt, die Ihrer Katze geben, was sie braucht, um rundum gesund und aktiv zu sein. Eine wahrhaft schmackhafte Katzennahrung - egal, ob Stubentiger oder Freigänger.\nPerfect Fit unterstützt die ganzheitliche Gesundheit des Körpers.Perfect Fit wird in Zusammenarbeit mit unseren Tierärzten und Ernährungswissenschaftlern des Waltham Petcare Science Institute entwickelt. Das spezielle und hochwertige Katzentrockenfutter hat eine besondere Total-5-Formel zur Unterstützung der 5 wichtigsten gesundheitlichen Bedürfnisse von Haustieren. Unsere Rezepturen werden unter Zugabe von Präbiotika zur Unterstützung des Darmmikrobioms hergestellt.\nAlleinfuttermittel für ausgewachsene Katzen, weitere Informationen erhalten Sie hier: E-Mail:\nkontakt@de.mars.com\nInverkehrbringer\nMars GmbH, Eitzer Str. 215, 27283 Verden (Aller)",
  "rating": 4.52,
  "review": 27,
  "distributor_address": "Mars GmbH, Eitzer Str. 215, 27283 Verden (Aller)",
  "ingredients": "Analytische Bestandteile Analytische Bestandteile (%): Protein: 34.0; Fettgehalt: 14.5; anorganischer Stoff: 8.0; Rohfaser: 3.2; Calcium: 1.3; Phosphor: 0.95; Brennwert: 385 kcal/100 g. Zusammensetzung Zusammensetzung: Fleisch und tierische Nebenerzeugnisse (u.a. Rind 14%), Weizen, Mais, pflanzliche Eiweissextrakte, Öle und Fette, pflanzliche Nebenerzeugnisse, Mineralstoffe, Hefen (u.a. natürliche Bierhefe 0.2%). Zusatzstoffe pro kg Zusatzstoffe pro kg: Antioxidanzien, Farbstoffe; Ernährungsphysiologische Zusatzstoffe: Vitamin B₁: 13.5 mg, Vitamin B₂: 23.1 mg, Vitamin B₆: 6.0 mg, Vitamin C: 193 mg, Vitamin D₃: 750 IE, Vitamin E: 100 mg, Taurin: 1290 mg, Kupfer (Kupfer(II)-sulfat-Pentahydrat): 5.4 mg, Jod (Kaliumjodid): 1.4 mg, Eisen (Eisen-(II)-sulfat-Monohydrat): 30.0 mg, Mangan (Mangan(II)-sulfat, Monohydrat): 27.0 mg, Selen (Natriumselenit): 0.23 mg, Zink (Zinksulfat Monohydrat): 76.5 mg.",
  "instock": true,
  "retail_limit": "10x"
},
{
  "_id": {
    "$oid": "66bef411a9267700a3bd01fa"
  },
  "unique_id": 1003112002,
  "competitor_name": "fressnapf",
  "product_name": "ROYAL CANIN SHN Medium Adult 7+ 15 kg",
  "brand": "ROYAL CANIN",
  "regular_price": 67.99,
  "selling_price": 67.99,
  "price_per_unit": "€4.53/kg",
  "currency": "EUR",
  "breadcrumb": "Heimat > Hund > Hundefutter > Hundetrockenfutter > ROYAL CANIN SHN Medium Adult 7+ 15 kg",
  "pdp_url": "https://www.fressnapf.at/p/royal-canin-shn-medium-adult-7-15-kg-1003112002/",
  "product_description": "ROYAL CANIN\nArt.Nr.: 1003112002\nAlleinfuttermittel für Hunde - Für ältere mittelgroße Hunde (11 bis 25 kg) - Ab dem 7. Lebensjahr.\nROYAL CANIN® Medium Adult 7+ bietet eine nährstoffreiche und ausgewogene Rezeptur, die den spezifischen Bedürfnissen Ihres mittelgroßen Hundes ab sieben Jahren gerecht wird und ihn im Seniorenalter unterstützt.\nDie Nahrung ist für mittelgroße, 11 bis 25 kg schwere Hunde konzipiert und enthält einen Vitaminkomplex für den Erhalt ihrer Vitalität und Gesundheit.\nMittelgroße Hunde brauchen regelmäßige Bewegung, damit sich ihre Muskulatur gut entwickelt. Das ändert sich auch nicht, wenn sie älter werden. Die Kroketten von Medium Adult 7+ mit ihren spezifischen, hochwertigen Proteinen helfen, die Muskelmasse Ihres ausgewachsenen Hundes zu erhalten.\nDie Lebensweise Ihres ausgewachsenen Hundes kann dazu führen, dass er mit verschiedenen Umweltelementen in Kontakt kommt, die seine körpereigenen Abwehrkräfte schwächen. Diese Rezeptur enthält Präbiotika und eine Mischung aus Vitaminen, darunter Vitamin C und E, die seine natürlichen Abwehrkräfte unterstützen.\nWir haben die Größe und Form der Kroketten an den Kiefer Ihres ausgewachsenen Hundes und seine Fressgewohnheiten angepasst. Die spezielle Form regt Ihren Hund dazu an, seine Nahrung gut zu kauen.\nROYAL CANIN® Medium Adult 7+ gibt es auch als Feuchtnahrung: Stückchen in Soße. Die Mischfütterung aus Feucht- und Trockennahrung verleiht der Ernährung Ihres ausgewachsenen Hundes Abwechslung und macht die Mahlzeiten interessanter und ansprechender.\nUm die hohe Qualität unserer Nahrungen zu garantieren, durchlaufen alle Produkte von ROYAL CANIN® eine umfangreiche Qualitätskontrolle.\nAlleinfuttermittel für Hunde - Für ältere mittelgroße Hunde (11 bis 25 kg) - Ab dem 7. Lebensjahr\nInverkehrbringer\nRoyal Canin Tiernahrung GmbH, Habsburgerring 2, 50674 Köln",
  "rating": 4.81,
  "review": 36,
  "distributor_address": "Royal Canin Tiernahrung GmbH, Habsburgerring 2, 50674 Köln",
  "ingredients": "Analytische Bestandteile Protein: 25,0% - Rohfaser: 1,6% - Fettgehalt: 14,0% - Rohasche: 5,6%. Zusammensetzung Geflügelprotein getrocknet, Weizenmehl, Maismehl, Mais, Reis, Tierfett, Weizen, Weizenkleber, Rübenschnitzel, hydrolysierte Tierproteine, Maiskleber, Mineralstoffe, Sojaöl, Hefenerzeugnisse, Fischöl, Psyllium (Schalen und Samen), Fructo-Oligosaccharide, Algenöl Schizochytrium sp., Hefen (Quelle für Mannan-Oligosaccharide). Feuchtegehalt 9.5% Zusatzstoffe pro kg Ernährungsphysiologische Zusatzstoffe: Vitamin A: 21900 IE, Vitamin D3: 1000 IE, Vitamin C: 200 mg, Vitamin E: 500 mg, Eisen (3b103): 37 mg, Jod (3b201, 3b202): 3,7 mg, Kupfer (3b405, 3b406): 12 mg, Mangan (3b502, 3b504): 49 mg, Zink (3b603, 3b605, 3b606): 132 mg, Selen (3b801, 3b811, 3b812): 0,09 mg - Konservierungsstoffe - Antioxidantien.",
  "instock": true,
  "retail_limit": "10x"
},
{
  "_id": {
    "$oid": "66bef411a9267700a3bd01fb"
  },
  "unique_id": 1244494,
  "competitor_name": "fressnapf",
  "product_name": "REAL NATURE Adult Mixpaket 6x400g Mixpaket 1",
  "brand": "REAL NATURE",
  "regular_price": 17.89,
  "selling_price": 17.89,
  "price_per_unit": "€7.45/kg",
  "currency": "EUR",
  "breadcrumb": "Heimat > Katze > Katzenfutter > Nassfutter > REAL NATURE Adult Mixpaket 6x400g Mixpaket 1",
  "pdp_url": "https://www.fressnapf.at/p/real-nature-adult-mixpaket-6x400g-mixpaket-1-1244494/",
  "product_description": "REAL NATURE\nArt.Nr.: 1244494\nREAL NATURE \"Original\" steht für eine naturnahe Ernährung Ihres Tieres und kombiniert hochwertige tierische Proteine, beste Kohlenhydrate und sorgfältig ausgesuchte pflanzliche Komponenten.\nREAL NATURE verbindet eine natürliche Ernährung und hochwertige Zutaten: Feine Ingredienzien aus der Natur werden gewissenhaft ausgewählt und sorgsam zubereitet, um den hohen natürlichen Nährwert zu erhalten und Ihrem Tier eine naturnahe Ernährung zu ermöglichen. Mit Omega-6 + Taurin.\nAlleinfuttermittel für ausgewachsene Katzen ab einem Alter von 13 Monaten.\nMöchtest du mehr über die Produkte von REAL NATURE für Katzen erfahren? Tauche\nhier\nin die Welt der Produktvielfalt von REAL NATURE ein!\nAlleinfuttermittel für Katzen, weitere Informationen erhalten Sie hier:\ninfo@fressnapf.com\nMehr Produktinfos\nInverkehrbringer\nMultiFit Tiernahrungs GmbH, Westpreußenstr. 32-38, 47809 Krefeld",
  "rating": 4.37,
  "review": 83,
  "distributor_address": "MultiFit Tiernahrungs GmbH, Westpreußenstr. 32-38, 47809 Krefeld",
  "ingredients": "Analytische Bestandteile Thunfisch & Huhn mit Kartoffeln in Leinöl: Protein 10,8%, Fettgehalt 5,5%, Rohasche 2,3%, Rohfaser 0,3%, Calcium 0,33%, Phosphor 0,21%. Wildkaninchen & Geflügel mit Naturreis und Hanföl: Protein 10%, Fettgehalt 6,2%, Rohasche 2,1%, Rohfaser 0,4%,Calcium 0,24%, Phosphor 0,19% Huhn & Rind mit Vollkornnudeln und Weizenkeimöl: Protein 10,4%, Fettgehalt 5,9%, Rohasche 1,9%, Rohfaser 0,5%, Calcium 0,24%, Phosphor 0,19% Zusammensetzung Thunfisch & Huhn mit Kartoffeln in Leinöl: 33% Huhn (Herzen, Leber, Fleisch, Hälse), 33% Thunfisch, 30,5% Hühner- und Fischfleischbrühe, 2% Kartoffeln, 1% Mineralstoffe, 0,5% Leinöl Wildkaninchen & Geflügel mit Naturreis und Hanföl: 33% Wildkaninchen (aus Fleisch, Lebern), 30,5% Wildkaninchen-, Hühner- und, Entenfleischbrühe, 25% Huhn (aus Fleisch, Herzen, Mägen, Lebern), 8% Entenherzen, 2% Naturreis, 1% Mineralstoffe, 0,5% Leinöl.Huhn & Rind mit Vollkornnudeln und Weizenmehl: 33% Huhn (aus Fleisch, Herzen, Mägen, Lebern), 33% Rind (aus Lungen, Lebern, Fleisch, Herzen), 30,5% Rind- und Hühnerfleischbrühe, 2% Vollkornnudeln, 1% Mineralstoffe, 0,5% Weizenkeimöl. Feuchtegehalt 80% Zusatzstoffe pro kg Thunfisch & Huhn mit Kartoffeln in Leinöl: Ernährungsphysiologische Zusatzstoffe: Vitamin D3 200 IE, Vitamin E 30mg, Taurin 1500mg, Jod (Calciumjodat, wasserfrei) 0,75mg, Mangan (Mangan-(II)-sulfat, Monohydrat) 3mg, Selen (Natriumselenit) 0,03mg, Zink (Zinksulfat, Monohydrat) 15mg. Wildkaninchen & Geflügel mit Naturreis und Hanföl: Ernährungsphysiologische Zusatzstoffe: Vitamin D3 200 IE, Vitamin E 30mg, Vitamin C (L-Ascorbinsäure) 40mg, Taurin 1500mg, Jod (Calciumjodat, wasserfrei) 0,75mg, Mangan (Mangan-(II)-sulfat, Monohydrat) 3mg, Selen (Natriumselenit) 0,03mg, Zink (Zinksulfat, Monohydrat) 15mg Huhn & Rind mit Vollkornnudeln und Weizenmehl: Ernährungsphysiologische Zusatzstoffe: Vitamin D3 200 IE, Vitamin E 30mg, Vitamin C (L-Ascorbinsäure) 40mg, Taurin 1500mg, Jod (Calciumjodat, wasserfrei) 0,75mg, Mangan (Mangan-(II)-sulfat, Monohydrat) 3mg, Selen (Natriumselenit) 0,03mg, Zink (Zinksulfat, Monohydrat) 15mg",
  "instock": true,
  "retail_limit": "10x"
},
{
  "_id": {
    "$oid": "66bef411a9267700a3bd01fc"
  },
  "unique_id": 1311985,
  "competitor_name": "fressnapf",
  "product_name": "PREMIERE Meati Mixpaket 6x400g Mixpaket 4",
  "brand": "PREMIERE",
  "regular_price": 11.29,
  "selling_price": 11.29,
  "price_per_unit": "€4.70/kg",
  "currency": "EUR",
  "breadcrumb": "Heimat > Hund > Hundefutter > Hundenassfutter > PREMIERE Meati Mixpaket 6x400g Mixpaket 4",
  "pdp_url": "https://www.fressnapf.at/p/premiere-meati-mixpaket-6x400g-mixpaket-4-1311985/",
  "product_description": "PREMIERE\nArt.Nr.: 1311985\nMixpaket mit verschiedenen Sorten - ideal zum probieren und für mehr Abwechslung!\nPREMIERE Meati – der pure Fleischgenuss!\nEin ausgewogenes Nassfutter mit purem Fleischgenuss für ausgewachsene Hunde.\nDie hochwertigen Zutaten und eine schonende Verarbeitung garantieren eine ausgezeichnete Verträglichkeit.\n71% Fleisch und Innereien: Der hohe Fleischanteil und die saftigen, natürlichen Fleischstücke in PREMIERE Meati machen dieses Produkt so besonders und schmackhaft.\nAbwehrkräfte: Die im Leinöl enthaltenen mehrfach ungesättigten Omega-3-Fettsäuren können die körpereigenen Abwehrkräfte unterstützen und zum Zellschutz beitragen.\noptimale Verdauung: Durch die in den Rübenfasern enthaltenen Ballaststoffe wird eine optimale Verdauung gefördert.\nDie Mixpakete setzen sich aus folgenden Sorten zusammen:\nMixpaket I: 2 x Hühnerherzen, 1 x Rind, 1 x Kalb; 1 x Lamm, 1 x Pansen\nMixpaket II: 2 x Hühnerherzen, 2 x Kalb; 2 x Lamm\nMixpaket III: 2 x Hühnerherzen, 2 x Rind, 2 x Rentier\nMixpaket IV: 2x Entenherzen, 2 x Rentier, 1 x Wildschwein, 1 x Wildvariationen\n*Schmeckt nicht? Mit unserer\nQualitätsgarantie\nbekommst du dein Geld zurück und suchst dir einfach ein anderes Futter aus.\nAlleinfuttermittel für Hunde, weitere Informationen erhalten Sie hier: info@fressnapf.com\nFütterungsempfehlung\nGewicht des Hundes\nPremiere Meati Entenherzen\nPremiere Meati Rentier\nPremiere Meati Wildschwein\nPremiere Meati Wildvariationen\n5kg\n270g\n270g\n270g\n270g\n7kg\n350g\n350g\n350g\n350g\n10kg\n450g\n450g\n450g\n450g\n15kg\n610g\n610g\n610g\n610g\n20kg\n760g\n760g\n760g\n760g\nInhaltsstoffe\nAnalytische Bestandteile\nEntenherzen: Protein 10,6%, Fettgehalt 6,8%, Rohasche 2,4%, Rohfaser 0,6%, Calcium 0,23%, Phosphor 0,17%, Omega-3-Fettsäuren 0,15%.\nRentier: Protein 10,7%, Fettgehalt 6,8%, Rohasche 2,5%, Rohfaser 0,6%, Calcium 0,24%, Phosphor 0,18%, Omega-3-Fettsäuren 0,15%.\nWildschwein:Protein 10,8%, Fettgehalt 6,9%, Rohasche 2,5%, Rohfaser 0,6%, Calcium 0,24%, Phosphor 0,17%, Omega-3-Fettsäuren 0,15%.\nWildvariationen: Protein 10,7%, Fettgehalt 7%, Rohasche 2,5%, Rohfaser 0,6%, Calcium 0,24%, Phosphor 0,18%, Omega-3-Fettsäuren 0,15%\nZusammensetzung\nEntenherzen: 71% Fleisch und tierische Nebenerzeugnisse (davon 15% ganze Entenherzen), Mineralstoffe, Öle und Fette (0,2% Leinöl), pflanzliche Nebenerzeugnisse (0,2% Rübenfasern). Anteil Muskelfleisch 15%. Rentier: 71% Fleisch und tierische Nebenerzeugnisse (davon 20% Rentier), Mineralstoffe, Öle und Fette (0,2% Leinöl), pflanzliche Nebenerzeugnisse (0,2% Rübenfaser). Anteil Muskelfleisch (15%). Wildschwein: 71% Fleisch und tierische Nebenerzeugnisse (davon 10% Wildschweinherzen, 5% Wildschweinlebern, 5% Wildschweinlungen),\nMineralstoffe, Öle und Fette (0,2% Leinöl), pflanzliche Nebenerzeugnisse (0,2% Rübenfasern). Anteil Muskelfleisch 15%. Wildvariationen: 71% Fleisch und tierische Nebenerzeugnisse (davon 10% Wildherzen, 10% Wildlebern, 10% Wildlungen), Mineralstoffe, Öle und Fette (0,2% Leinöl), pflanzliche Nebenerzeugnisse (0,2% Rübenfasern). Anteil Muskelfleisch 15%.\nFeuchtegehalt\nEntenherzen und Wildvariationen: 78% Rentier und Wildschwein:77%\nZusatzstoffe pro kg\nEntenherzen: Ernährungsphysiologische Zusatzstoffe: Vitamin D3 200 IE, Jod (Kalziumjodat, wasserfrei) 0,75mg, Mangan (Mangan(II)-sulfat, Monohydrat) 1,4mg, Zink (Zinksulfat, Monohydrat) 25mg, Biotin 300mcg. Rentier: Ernährungsphysiologische Zusatzstoffe: Vitamin D3 200 IE, Jod (Kalziumjodat, wasserfrei) 0,75mg, Mangan (Mangan(II)-sulfat, Monohydrat) 1,4mg, Zink (Zinksulfat, Monohydrat) 25mg, Biotin 300mcg.  Wildschwein: Ernährungsphysiologische Zusatzstoffe: Vitamin D3 200 IE, Jod (Kalziumjodat, wasserfrei) 0,75mg, Mangan (Mangan(II)-sulfat, Monohydrat) 1,4mg, Zink (Zinksulfat, Monohydrat) 25mg, Biotin 300mcg  Wildvariationen: Ernährungsphysiologische Zusatzstoffe: Vitamin D3 200 IE, Jod (Kalziumjodat, wasserfrei) 0,75mg, Mangan (Mangan(II)-sulfat, Monohydrat) 1,4mg, Zink (Zinksulfat, Monohydrat) 25mg, Biotin 300mcg. Kann Spuren anderer Zutaten enthalten.\nVersandinformationen\nLieferungen erfolgen ab einem Mindestbestellwert von € 19,00 inkl. Mehrwertsteuer nach Abzug von Rabatten.\nWelche Versandkosten fallen für meine Bestellung an?\nWir berechnen € 2,99 bis zu einem Bestellwert von 29,00 €  – unabhängig von der Anzahl der Artikel und der Versandart.\nLieferungen ab 29,00 € werden mit 0,99 € Versandkosten pro Bestellung berechnet. Bei Bestellungen die ein Gesamtgewicht von 31 kg überschreiten, werden je nach Gewicht zwei oder mehrere Pakete versendet (Maximalgewicht pro Paket 31 kg). Für den erhöhten Versandaufwand berechnen wir einmalig zusätzliche Versandkosten in Höhe von 2,99 € pro Bestellung.\nLieferungen sind grundsätzlich nur innerhalb Österreichs möglich.\nDie Lieferzeit beträgt 1-3 Werktage bei Bestellungen bis 16 Uhr.\nKundenbewertungen und -rezensionen verstehen\nProduktbewertungen\nWie funktionieren Bewertungen in der Fressnapf-Gruppe (einschließlich Maxi Zoo)?\nKundenmeinungen in Form von Produkt- und Sternebewertungen sind dienlich für alle Kunden. Sie ermöglichen mehr über das Produkt zu erfahren und helfen bei Kaufentscheidung. Jeder Kunde, der ein Produkt Online oder im Markt erworben hat, kann eine Bewertung abgeben. Wir beziehen zudem Bewertungen aus Dritt-Quellen, z.B. von Hersteller-Seiten. Die Bewertungsherkunft wird an den jeweiligen Rezension ausgewiesen. Für Fressnapf ist das Meinungsbild seiner Kunden wichtig, um Schwachstellen zu analysieren und die Produktqualität zu verbessern. Alle Bewertungen werden durch unseren Dienstleister Bazaarvoice auf Vertrauenswürdigkeit geprüft. Bewertungsinhalte, die gegen die Nutzungsbedingungen der Fressnapf-Gruppe verstoßen, werden abgelehnt. Sonst erfolgt die Veröffentlichung von positiven wie auch negativen Produktbewertungen.\nHier mehr Informationen rund um Produktbewertungen\n.\nWeitere Informationen zur Verarbeitung Ihrer personenbezogenen Daten entnehmen Sie bitte unseren\nDatenschutzhinweisen\n.",
  "rating": 4.76,
  "review": 350,
  "ingredients": "Analytische Bestandteile Entenherzen: Protein 10,6%, Fettgehalt 6,8%, Rohasche 2,4%, Rohfaser 0,6%, Calcium 0,23%, Phosphor 0,17%, Omega-3-Fettsäuren 0,15%. Rentier: Protein 10,7%, Fettgehalt 6,8%, Rohasche 2,5%, Rohfaser 0,6%, Calcium 0,24%, Phosphor 0,18%, Omega-3-Fettsäuren 0,15%. Wildschwein:Protein 10,8%, Fettgehalt 6,9%, Rohasche 2,5%, Rohfaser 0,6%, Calcium 0,24%, Phosphor 0,17%, Omega-3-Fettsäuren 0,15%. Wildvariationen: Protein 10,7%, Fettgehalt 7%, Rohasche 2,5%, Rohfaser 0,6%, Calcium 0,24%, Phosphor 0,18%, Omega-3-Fettsäuren 0,15% Zusammensetzung Entenherzen: 71% Fleisch und tierische Nebenerzeugnisse (davon 15% ganze Entenherzen), Mineralstoffe, Öle und Fette (0,2% Leinöl), pflanzliche Nebenerzeugnisse (0,2% Rübenfasern). Anteil Muskelfleisch 15%. Rentier: 71% Fleisch und tierische Nebenerzeugnisse (davon 20% Rentier), Mineralstoffe, Öle und Fette (0,2% Leinöl), pflanzliche Nebenerzeugnisse (0,2% Rübenfaser). Anteil Muskelfleisch (15%). Wildschwein: 71% Fleisch und tierische Nebenerzeugnisse (davon 10% Wildschweinherzen, 5% Wildschweinlebern, 5% Wildschweinlungen), Mineralstoffe, Öle und Fette (0,2% Leinöl), pflanzliche Nebenerzeugnisse (0,2% Rübenfasern). Anteil Muskelfleisch 15%. Wildvariationen: 71% Fleisch und tierische Nebenerzeugnisse (davon 10% Wildherzen, 10% Wildlebern, 10% Wildlungen), Mineralstoffe, Öle und Fette (0,2% Leinöl), pflanzliche Nebenerzeugnisse (0,2% Rübenfasern). Anteil Muskelfleisch 15%. Feuchtegehalt Entenherzen und Wildvariationen: 78% Rentier und Wildschwein:77% Zusatzstoffe pro kg Entenherzen: Ernährungsphysiologische Zusatzstoffe: Vitamin D3 200 IE, Jod (Kalziumjodat, wasserfrei) 0,75mg, Mangan (Mangan(II)-sulfat, Monohydrat) 1,4mg, Zink (Zinksulfat, Monohydrat) 25mg, Biotin 300mcg. Rentier: Ernährungsphysiologische Zusatzstoffe: Vitamin D3 200 IE, Jod (Kalziumjodat, wasserfrei) 0,75mg, Mangan (Mangan(II)-sulfat, Monohydrat) 1,4mg, Zink (Zinksulfat, Monohydrat) 25mg, Biotin 300mcg.  Wildschwein: Ernährungsphysiologische Zusatzstoffe: Vitamin D3 200 IE, Jod (Kalziumjodat, wasserfrei) 0,75mg, Mangan (Mangan(II)-sulfat, Monohydrat) 1,4mg, Zink (Zinksulfat, Monohydrat) 25mg, Biotin 300mcg  Wildvariationen: Ernährungsphysiologische Zusatzstoffe: Vitamin D3 200 IE, Jod (Kalziumjodat, wasserfrei) 0,75mg, Mangan (Mangan(II)-sulfat, Monohydrat) 1,4mg, Zink (Zinksulfat, Monohydrat) 25mg, Biotin 300mcg. Kann Spuren anderer Zutaten enthalten.",
  "instock": true,
  "retail_limit": "10x"
},
{
  "_id": {
    "$oid": "66bef411a9267700a3bd01fd"
  },
  "unique_id": 1002957002,
  "competitor_name": "fressnapf",
  "product_name": "PREMIERE Adult Geflügel 300 g",
  "brand": "PREMIERE",
  "regular_price": 2.99,
  "selling_price": 2.99,
  "price_per_unit": "€9.97/kg",
  "currency": "EUR",
  "breadcrumb": "Heimat > Katze > Katzenfutter > Trockenfutter > PREMIERE Adult Geflügel 300 g",
  "pdp_url": "https://www.fressnapf.at/p/premiere-adult-gefluegel-300-g-1002957002/",
  "variants": "{'variant': ['Lachs']}",
  "product_description": "PREMIERE\nArt.Nr.: 1002957002\nPREMIERE Adult mit Geflügel, Rind oder Lachs, erlesenen Kräutern und 14% Frischfleisch ist schmackhaft und speziell auf den Nährstoffbedarf ausgewachsener Katzen abgestimmt.\nOptimale Ernährung Ihrer Katze\nEine abgestimmte Vitamin- und Mineralstoffversorgung und das ausgewogene Protein-/ Fettverhältnis sorgen für eine optimale Ernährung. Pflanzenfasern und Bierhefe können die Darmflora unterstützen. Die Zusammensetzung der Rezeptur kann außerdem die Funktion der Harnwege unterstützen. Hochwertiges Lachsöl und Leinsaat liefern wichtige Omega-3- und Omega-6-Fettsäuren, die ein glänzendes Fell und schöne Haut unterstützen können.PREMIERE Adult mit Geflügel oder Lachs enthält einen extra hohen Anteil an Fleisch und tierischen Bestandteilen für besondere Schmackhaftigkeit!\nDie Vorteile von PREMIERE Adult im Überblick:\nHoher Anteil an Fleisch und tierischen Proteinen\nMit wertvollem Taurin\nDie enthaltenen Pflanzenfasern und Bierhefe können die Verdauung unterstützen\nMit Leinsaat und hochwertigem Lachsöl zur Unterstützung schöner Haut und glänzendem Fell\nAbgestimmte Vitamin- und Mineralstoffmischung für eine optimal abgestimmte Ernährung ausgewachsener Katzen\nOhne Zusatz von künstlichen Farbstoffen, Konservierungsmitteln, Soja und Zucker\nBesonders schmackhaft\n*Schmeckt nicht? Mit unserer\nQualitätsgarantie\nbekommst du dein Geld zurück und suchst dir einfach ein anderes Futter aus.\nAlleinfuttermittel für ausgewachsene Katzen. Weitere Informationen erhalten Sie hier:\ninfo@fressnapf.com\nInverkehrbringer\nMultiFit Tiernahrungs GmbH, Westpreußenstr. 32-38, 47809 Krefeld\nFütterungsempfehlung\nGewicht des Tieres\nFuttermenge pro Tag\n2 kg\n35 g\n3 kg\n50 g\n4 kg\n60 g\n5 kg\n70 g\n6 kg\n75 g\n7 kg\n85 g\nPREMIERE Adult ist ein Alleinfütterungsmittel (kein Zufüttern nötig). Stellen Sie Ihrer Katze immer frisches Trinkwasser bereit. Achten Sie bei der Nahrungsumstellung darauf, das bisherige Futter allmählich durch PREMIERE Adult zu ersetzen (über ca. eine Woche). So sorgen Sie für optimale Verträglichkeit und Akzeptanz auch während der Umstellungsphase.\nInhaltsstoffe\nAnalytische Bestandteile\nProtein 34%, Fettgehalt 17%, Rohasche 7,5%, Rohfaser 4%, Calcium 1,9%, Phosphor 1,1%, Omega-3-Fettsäuren 0,5%, Omega-6-Fettsäuren 2,3%.\nZusammensetzung\ngetrocknetes Geflügelprotein (28,8%), Kartoffelpülpe (getrocknet), Reis (17%), frisches Geflügelfleisch (14%, u. a. 4% Hühnerfleisch), Grieben (gemahlen), Geflügelfett (6,4%), Leinsaat (1,2%), hydrolysierte Tierproteine (Leber, Herz) (1,1%), Bierhefe (0,9%), Zichorienpülpe (0,19%, getrocknet; Inulin: 0,1%), Sonnenblumenöl (0,19%), Lachsöl (0,19%), Granatapfel (0,04%), Oregano (0,008%), Petersilie (0,008%), Majoran (0,008%), Salbei (0,008%), Thymian (0,008%).\nZusatzstoffe pro kg\nErnährungsphysiologische Zusatzstoffe: Vitamin A 20000 IE, Vitamin D3 1400 IE, Vitamin E 280mg, Taurin 1000mg, Kupfer (Kupfer(II)-sulfat, Pentahydrat) 14mg, Eisen (Eisen(II)-sulfat, Monohydrat) 124mg, Jod (Kalziumjodat, wasserfrei) 3,2mg, Mangan (Mangan(II)-sulfat, Monohydrat) 13mg, Selen (Selenmethionin aus Saccharomyces cerevisiae CNCM I-3399) 0,1mg, Zink (Zinksulfat, Monohydrat) 210mg. Zootechnische Zusatzstoffe: Ammoniumchlorid 4300mg.\nVersandinformationen\nLieferungen erfolgen ab einem Mindestbestellwert von € 19,00 inkl. Mehrwertsteuer nach Abzug von Rabatten.\nWelche Versandkosten fallen für meine Bestellung an?\nWir berechnen € 2,99 bis zu einem Bestellwert von 29,00 €  – unabhängig von der Anzahl der Artikel und der Versandart.\nLieferungen ab 29,00 € werden mit 0,99 € Versandkosten pro Bestellung berechnet. Bei Bestellungen die ein Gesamtgewicht von 31 kg überschreiten, werden je nach Gewicht zwei oder mehrere Pakete versendet (Maximalgewicht pro Paket 31 kg). Für den erhöhten Versandaufwand berechnen wir einmalig zusätzliche Versandkosten in Höhe von 2,99 € pro Bestellung.\nLieferungen sind grundsätzlich nur innerhalb Österreichs möglich.\nDie Lieferzeit beträgt 1-3 Werktage bei Bestellungen bis 16 Uhr.\nKundenbewertungen und -rezensionen verstehen\nProduktbewertungen\nWie funktionieren Bewertungen in der Fressnapf-Gruppe (einschließlich Maxi Zoo)?\nKundenmeinungen in Form von Produkt- und Sternebewertungen sind dienlich für alle Kunden. Sie ermöglichen mehr über das Produkt zu erfahren und helfen bei Kaufentscheidung. Jeder Kunde, der ein Produkt Online oder im Markt erworben hat, kann eine Bewertung abgeben. Wir beziehen zudem Bewertungen aus Dritt-Quellen, z.B. von Hersteller-Seiten. Die Bewertungsherkunft wird an den jeweiligen Rezension ausgewiesen. Für Fressnapf ist das Meinungsbild seiner Kunden wichtig, um Schwachstellen zu analysieren und die Produktqualität zu verbessern. Alle Bewertungen werden durch unseren Dienstleister Bazaarvoice auf Vertrauenswürdigkeit geprüft. Bewertungsinhalte, die gegen die Nutzungsbedingungen der Fressnapf-Gruppe verstoßen, werden abgelehnt. Sonst erfolgt die Veröffentlichung von positiven wie auch negativen Produktbewertungen.\nHier mehr Informationen rund um Produktbewertungen\n.\nWeitere Informationen zur Verarbeitung Ihrer personenbezogenen Daten entnehmen Sie bitte unseren\nDatenschutzhinweisen\n.",
  "rating": 4.6,
  "review": 169,
  "distributor_address": "MultiFit Tiernahrungs GmbH, Westpreußenstr. 32-38, 47809 Krefeld",
  "ingredients": "Analytische Bestandteile Protein 34%, Fettgehalt 17%, Rohasche 7,5%, Rohfaser 4%, Calcium 1,9%, Phosphor 1,1%, Omega-3-Fettsäuren 0,5%, Omega-6-Fettsäuren 2,3%. Zusammensetzung getrocknetes Geflügelprotein (28,8%), Kartoffelpülpe (getrocknet), Reis (17%), frisches Geflügelfleisch (14%, u. a. 4% Hühnerfleisch), Grieben (gemahlen), Geflügelfett (6,4%), Leinsaat (1,2%), hydrolysierte Tierproteine (Leber, Herz) (1,1%), Bierhefe (0,9%), Zichorienpülpe (0,19%, getrocknet; Inulin: 0,1%), Sonnenblumenöl (0,19%), Lachsöl (0,19%), Granatapfel (0,04%), Oregano (0,008%), Petersilie (0,008%), Majoran (0,008%), Salbei (0,008%), Thymian (0,008%). Zusatzstoffe pro kg Ernährungsphysiologische Zusatzstoffe: Vitamin A 20000 IE, Vitamin D3 1400 IE, Vitamin E 280mg, Taurin 1000mg, Kupfer (Kupfer(II)-sulfat, Pentahydrat) 14mg, Eisen (Eisen(II)-sulfat, Monohydrat) 124mg, Jod (Kalziumjodat, wasserfrei) 3,2mg, Mangan (Mangan(II)-sulfat, Monohydrat) 13mg, Selen (Selenmethionin aus Saccharomyces cerevisiae CNCM I-3399) 0,1mg, Zink (Zinksulfat, Monohydrat) 210mg. Zootechnische Zusatzstoffe: Ammoniumchlorid 4300mg.",
  "instock": true,
  "retail_limit": "10x"
},
{
  "_id": {
    "$oid": "66bef411a9267700a3bd01fe"
  },
  "unique_id": 1311981,
  "competitor_name": "fressnapf",
  "product_name": "PREMIERE Meati Mixpaket 6x400g Mixpaket 1",
  "brand": "PREMIERE",
  "regular_price": 11.29,
  "selling_price": 11.29,
  "price_per_unit": "€4.70/kg",
  "currency": "EUR",
  "breadcrumb": "Heimat > Hund > Hundefutter > Hundenassfutter > PREMIERE Meati Mixpaket 6x400g Mixpaket 1",
  "pdp_url": "https://www.fressnapf.at/p/premiere-meati-mixpaket-6x400g-mixpaket-1-1311981/",
  "product_description": "PREMIERE\nArt.Nr.: 1311981\nMixpaket mit verschiedenen Sorten - ideal zum probieren und für mehr Abwechslung!\nPREMIERE Meati – der pure Fleischgenuss!\nEin ausgewogenes Nassfutter mit purem Fleischgenuss für ausgewachsene Hunde.\nDie hochwertigen Zutaten und eine schonende Verarbeitung garantieren eine ausgezeichnete Verträglichkeit.\n71% Fleisch und Innereien: Der hohe Fleischanteil und die saftigen, natürlichen Fleischstücke in PREMIERE Meati machen dieses Produkt so besonders und schmackhaft.\nAbwehrkräfte: Die im Leinöl enthaltenen mehrfach ungesättigten Omega-3-Fettsäuren können die körpereigenen Abwehrkräfte unterstützen und zum Zellschutz beitragen.\noptimale Verdauung: Durch die in den Rübenfasern enthaltenen Ballaststoffe wird eine optimale Verdauung gefördert.\nDie Mixpakete setzen sich aus folgenden Sorten zusammen:\nMixpaket I: 2 x Hühnerherzen, 1 x Rind, 1 x Kalb; 1 x Lamm, 1 x Pansen\nMixpaket II: 2 x Hühnerherzen, 2 x Kalb; 2 x Lamm\nMixpaket III: 2 x Hühnerherzen, 2 x Rind, 2 x Rentier\nMixpaket IV: 2x Entenherzen, 2 x Rentier, 1 x Wildschwein, 1 x Wildvariationen\n*Schmeckt nicht? Mit unserer\nQualitätsgarantie\nbekommst du dein Geld zurück und suchst dir einfach ein anderes Futter aus.\nAlleinfuttermittel für Hunde, weitere Informationen erhalten Sie hier: info@fressnapf.com\nFütterungsempfehlung\nGewicht des Hundes\nPremiere Meati Huhn\nPremiere Meati Hühnerherzen\nPremiere Meati Pansen\nPremiere Meati Rind\nPremiere Meati Kalb\n5kg\n270g\n270g\n220g\n270g\n270g\n7kg\n350g\n350g\n290g\n350g\n350g\n10kg\n450g\n450g\n380g\n450g\n450g\n15kg\n610g\n610g\n510g\n550g\n610g\n20kg\n760g\n760g\n630g\n700g\n760g\nInhaltsstoffe\nAnalytische Bestandteile\nHühnerherzen:Protein 10,8%, Fettgehalt 6,9%, Rohasche 2,4%, Rohfaser 0,6%, Calcium 0,23%, Phosphor 0,17%, Omega-3-Fettsäuren 0,15%\nHuhn: Protein 8%, Fettgehalt 5,5%, Rohasche 2,8%, Rohfaser 0,3%, Feuchtigkeit 77%, Calcium 0,3%, Phosphor 0,25%, Omega-3-Fettsäuren 0,1%\nRind: Protein 10,8%, Fettgehalt 7,1%, Rohasche 2,2%, Rohfaser 0,6%, Calcium 0,22%, Phosphor 0,15%, Omega-3-Fettsäuren 0,15%.\nKalb: Protein 11%, Fettgehalt 8%, Rohasche 2,5%, Rohfaser 0,6%, Calcium 0,23%, Phosphor 0,17%, Omega-3-Fettsäuren 0,1%\nLamm:Protein 11%, Fettgehalt 7,1%, Rohasche 2,4%, Rohfaser 0,6%, Calcium 0,21%, Phosphor 0,16%, Omega-3-Fettsäuren 0,15%.\nPansen: Protein 10,2%, Fettgehalt 8,2%, Rohasche 2%, Rohfaser 0,6%, Calcium 0,21%, Phosphor 0,16%, Omega-3- Fettsäuren 0,15%.\nZusammensetzung\nHühnerherzen: 71% Fleisch und tierische Nebenerzeugnisse (davon 15% Hühnerherzen), Mineralstoffe, Öle und Fette (0,2% Leinöl), pflanzliche Nebenerzeugnisse (0,2% Rübenfaser). Anteil Muskelfleisch 15% Huhn: 71% Fleisch und tierische Nebenerzeugnisse (davon 12% Hühnerfleisch, 10% Hühnerleber, 8% Hühnerherzen), Mineralstoffe, Öle und Fette (0,2% Leinöl), pflanzliche Nebenerzeugnisse (0,2% Rübenfaser). Anteil Muskelfleisch 15% Rind: 71% Fleisch und tierische Nebenerzeugnisse (davon 12% Rindfleisch, 6% Rinderherzen, 6% Rinderlebern, 6% Rinderpansen), Mineralstoffe , Öle und Fette (0,2% Leinöl), pflanzliche Nebenerzeugnisse (0,2% Rübenfasern).\nAnteil Muskelfleisch 15%. Kalb: 71% Fleisch und tierische Nebenerzeugnisse (davon 10% Kalbsherzen, 10% Kalbslungen, 10% Kalbspansen), Mineralstoffe, Öle\nund Fette (0,2% Leinöl), pflanzliche Nebenerzeugnisse (0,2% Rübenfasern). Anteil Muskelfleisch 15%. Lamm: 71% Fleisch und tierische Nebenerzeugnisse (davon 13% Lammherzen, 12% Lammlunge, 5% Lammpansen), Mineralstoffe, Öle und Fette (0,2% Leinöl), pflanzliche Nebenerzeugnisse (0,2% Rübenfaser). Anteil Muskelfleisch 10% Pansen: 71% Rinderpansen, Mineralstoffe, Öle und Fette (0,2% Leinöl), pflanzliche Nebenerzeugnisse (0,2% Rübenfasern).\nFeuchtegehalt\nHühnerherzen, Rind, Huhn, Kalb und Lamm: 77% Pansen: 73%\nZusatzstoffe pro kg\nHühnerherzen:  Ernährungsphysiologische Zusatzstoffe: Vitamin D3 200 IE, Jod (Kalziumjodat, wasserfrei) 0,75mg, Mangan (Mangan(II)-sulfat, Monohydrat) 1,4mg, Zink (Zinksulfat, Monohydrat) 25mg, Biotin 300mcg. Huhn: Vitamin D3 200 IE, Kupfer (Aminosäuren- Kupferchelat, Hydrat) 2mg, Eisen (Eisen(II)-sulfat, Monohydrat) 30mg,\nJod (Kaliumjodid) 0,75mg, Mangan (Mangan(II)-oxid) 3mg, Zink (Aminosäuren-Zinkchelat, Hydrat) 15mg. Rind: Ernährungsphysiologische Zusatzstoffe: Vitamin D3 200 IE, Jod (Kalziumjodat, wasserfrei) 0,75mg, Mangan (Mangan(II)-sulfat, Monohydrat) 1,4mg, Zink (Zinksulfat, Monohydrat) 25mg, Biotin 300mcg. Kalb: Ernährungsphysiologische Zusatzstoffe: Vitamin D3 200 IE, Jod (Kalziumjodat, wasserfrei) 0,75mg, Mangan (Mangan(II)-sulfat,Monohydrat) 1,4mg, Zink (Zinksulfat, Monohydrat) 25mg, Biotin 300mcg. Lamm: Vitamin D3 200  IE, Jod (Kalziumjodat, wasserfrei) 0,75mg, Mangan (Mangan(II)-­sulfat, Monohydrat) 3mg, Zink (Zinksulfat, Monohydrat) 15mg Pansen: Ernährungsphysiologische Zusatzstoffe: Vitamin D3 200 IE, Jod (Kalziumjodat, wasserfrei) 0,75mg, Mangan (Mangan(II)-sulfat, Monohydrat) 1,4mg, Zink (Zinksulfat, Monohydrat) 25mg, Biotin 300mcg Kann Spuren anderer Zutaten enthalten.\nVersandinformationen\nLieferungen erfolgen ab einem Mindestbestellwert von € 19,00 inkl. Mehrwertsteuer nach Abzug von Rabatten.\nWelche Versandkosten fallen für meine Bestellung an?\nWir berechnen € 2,99 bis zu einem Bestellwert von 29,00 €  – unabhängig von der Anzahl der Artikel und der Versandart.\nLieferungen ab 29,00 € werden mit 0,99 € Versandkosten pro Bestellung berechnet. Bei Bestellungen die ein Gesamtgewicht von 31 kg überschreiten, werden je nach Gewicht zwei oder mehrere Pakete versendet (Maximalgewicht pro Paket 31 kg). Für den erhöhten Versandaufwand berechnen wir einmalig zusätzliche Versandkosten in Höhe von 2,99 € pro Bestellung.\nLieferungen sind grundsätzlich nur innerhalb Österreichs möglich.\nDie Lieferzeit beträgt 1-3 Werktage bei Bestellungen bis 16 Uhr.\nKundenbewertungen und -rezensionen verstehen\nProduktbewertungen\nWie funktionieren Bewertungen in der Fressnapf-Gruppe (einschließlich Maxi Zoo)?\nKundenmeinungen in Form von Produkt- und Sternebewertungen sind dienlich für alle Kunden. Sie ermöglichen mehr über das Produkt zu erfahren und helfen bei Kaufentscheidung. Jeder Kunde, der ein Produkt Online oder im Markt erworben hat, kann eine Bewertung abgeben. Wir beziehen zudem Bewertungen aus Dritt-Quellen, z.B. von Hersteller-Seiten. Die Bewertungsherkunft wird an den jeweiligen Rezension ausgewiesen. Für Fressnapf ist das Meinungsbild seiner Kunden wichtig, um Schwachstellen zu analysieren und die Produktqualität zu verbessern. Alle Bewertungen werden durch unseren Dienstleister Bazaarvoice auf Vertrauenswürdigkeit geprüft. Bewertungsinhalte, die gegen die Nutzungsbedingungen der Fressnapf-Gruppe verstoßen, werden abgelehnt. Sonst erfolgt die Veröffentlichung von positiven wie auch negativen Produktbewertungen.\nHier mehr Informationen rund um Produktbewertungen\n.\nWeitere Informationen zur Verarbeitung Ihrer personenbezogenen Daten entnehmen Sie bitte unseren\nDatenschutzhinweisen\n.",
  "rating": 4.76,
  "review": 350,
  "ingredients": "Analytische Bestandteile Hühnerherzen:Protein 10,8%, Fettgehalt 6,9%, Rohasche 2,4%, Rohfaser 0,6%, Calcium 0,23%, Phosphor 0,17%, Omega-3-Fettsäuren 0,15% Huhn: Protein 8%, Fettgehalt 5,5%, Rohasche 2,8%, Rohfaser 0,3%, Feuchtigkeit 77%, Calcium 0,3%, Phosphor 0,25%, Omega-3-Fettsäuren 0,1% Rind: Protein 10,8%, Fettgehalt 7,1%, Rohasche 2,2%, Rohfaser 0,6%, Calcium 0,22%, Phosphor 0,15%, Omega-3-Fettsäuren 0,15%. Kalb: Protein 11%, Fettgehalt 8%, Rohasche 2,5%, Rohfaser 0,6%, Calcium 0,23%, Phosphor 0,17%, Omega-3-Fettsäuren 0,1% Lamm:Protein 11%, Fettgehalt 7,1%, Rohasche 2,4%, Rohfaser 0,6%, Calcium 0,21%, Phosphor 0,16%, Omega-3-Fettsäuren 0,15%. Pansen: Protein 10,2%, Fettgehalt 8,2%, Rohasche 2%, Rohfaser 0,6%, Calcium 0,21%, Phosphor 0,16%, Omega-3- Fettsäuren 0,15%. Zusammensetzung Hühnerherzen: 71% Fleisch und tierische Nebenerzeugnisse (davon 15% Hühnerherzen), Mineralstoffe, Öle und Fette (0,2% Leinöl), pflanzliche Nebenerzeugnisse (0,2% Rübenfaser). Anteil Muskelfleisch 15% Huhn: 71% Fleisch und tierische Nebenerzeugnisse (davon 12% Hühnerfleisch, 10% Hühnerleber, 8% Hühnerherzen), Mineralstoffe, Öle und Fette (0,2% Leinöl), pflanzliche Nebenerzeugnisse (0,2% Rübenfaser). Anteil Muskelfleisch 15% Rind: 71% Fleisch und tierische Nebenerzeugnisse (davon 12% Rindfleisch, 6% Rinderherzen, 6% Rinderlebern, 6% Rinderpansen), Mineralstoffe , Öle und Fette (0,2% Leinöl), pflanzliche Nebenerzeugnisse (0,2% Rübenfasern). Anteil Muskelfleisch 15%. Kalb: 71% Fleisch und tierische Nebenerzeugnisse (davon 10% Kalbsherzen, 10% Kalbslungen, 10% Kalbspansen), Mineralstoffe, Öle und Fette (0,2% Leinöl), pflanzliche Nebenerzeugnisse (0,2% Rübenfasern). Anteil Muskelfleisch 15%. Lamm: 71% Fleisch und tierische Nebenerzeugnisse (davon 13% Lammherzen, 12% Lammlunge, 5% Lammpansen), Mineralstoffe, Öle und Fette (0,2% Leinöl), pflanzliche Nebenerzeugnisse (0,2% Rübenfaser). Anteil Muskelfleisch 10% Pansen: 71% Rinderpansen, Mineralstoffe, Öle und Fette (0,2% Leinöl), pflanzliche Nebenerzeugnisse (0,2% Rübenfasern). Feuchtegehalt Hühnerherzen, Rind, Huhn, Kalb und Lamm: 77% Pansen: 73% Zusatzstoffe pro kg Hühnerherzen:  Ernährungsphysiologische Zusatzstoffe: Vitamin D3 200 IE, Jod (Kalziumjodat, wasserfrei) 0,75mg, Mangan (Mangan(II)-sulfat, Monohydrat) 1,4mg, Zink (Zinksulfat, Monohydrat) 25mg, Biotin 300mcg. Huhn: Vitamin D3 200 IE, Kupfer (Aminosäuren- Kupferchelat, Hydrat) 2mg, Eisen (Eisen(II)-sulfat, Monohydrat) 30mg, Jod (Kaliumjodid) 0,75mg, Mangan (Mangan(II)-oxid) 3mg, Zink (Aminosäuren-Zinkchelat, Hydrat) 15mg. Rind: Ernährungsphysiologische Zusatzstoffe: Vitamin D3 200 IE, Jod (Kalziumjodat, wasserfrei) 0,75mg, Mangan (Mangan(II)-sulfat, Monohydrat) 1,4mg, Zink (Zinksulfat, Monohydrat) 25mg, Biotin 300mcg. Kalb: Ernährungsphysiologische Zusatzstoffe: Vitamin D3 200 IE, Jod (Kalziumjodat, wasserfrei) 0,75mg, Mangan (Mangan(II)-sulfat,Monohydrat) 1,4mg, Zink (Zinksulfat, Monohydrat) 25mg, Biotin 300mcg. Lamm: Vitamin D3 200  IE, Jod (Kalziumjodat, wasserfrei) 0,75mg, Mangan (Mangan(II)-­sulfat, Monohydrat) 3mg, Zink (Zinksulfat, Monohydrat) 15mg Pansen: Ernährungsphysiologische Zusatzstoffe: Vitamin D3 200 IE, Jod (Kalziumjodat, wasserfrei) 0,75mg, Mangan (Mangan(II)-sulfat, Monohydrat) 1,4mg, Zink (Zinksulfat, Monohydrat) 25mg, Biotin 300mcg Kann Spuren anderer Zutaten enthalten.",
  "instock": true,
  "retail_limit": "10x"
},
{
  "_id": {
    "$oid": "66bef411a9267700a3bd01ff"
  },
  "unique_id": 1002958001,
  "competitor_name": "fressnapf",
  "product_name": "PREMIERE Adult Geflügel 2 kg",
  "brand": "PREMIERE",
  "regular_price": 15.99,
  "selling_price": 15.99,
  "price_per_unit": "€8.00/kg",
  "currency": "EUR",
  "breadcrumb": "Heimat > Katze > Katzenfutter > Trockenfutter > PREMIERE Adult Geflügel 2 kg",
  "pdp_url": "https://www.fressnapf.at/p/premiere-adult-gefluegel-2-kg-1002958001/",
  "variants": "{'variant': ['Lachs']}",
  "product_description": "PREMIERE\nArt.Nr.: 1002958001\nPREMIERE Adult mit Geflügel, Rind oder Lachs, erlesenen Kräutern und 14% Frischfleisch ist schmackhaft und speziell auf den Nährstoffbedarf ausgewachsener Katzen abgestimmt.\nOptimale Ernährung Ihrer Katze\nEine abgestimmte Vitamin- und Mineralstoffversorgung und das ausgewogene Protein-/ Fettverhältnis sorgen für eine optimale Ernährung. Pflanzenfasern und Bierhefe können die Darmflora unterstützen. Die Zusammensetzung der Rezeptur kann außerdem die Funktion der Harnwege unterstützen. Hochwertiges Lachsöl und Leinsaat liefern wichtige Omega-3- und Omega-6-Fettsäuren, die ein glänzendes Fell und schöne Haut unterstützen können.PREMIERE Adult mit Geflügel oder Lachs enthält einen extra hohen Anteil an Fleisch und tierischen Bestandteilen für besondere Schmackhaftigkeit!\nDie Vorteile von PREMIERE Adult im Überblick:\nHoher Anteil an Fleisch und tierischen Proteinen\nMit wertvollem Taurin\nDie enthaltenen Pflanzenfasern und Bierhefe können die Verdauung unterstützen\nMit Leinsaat und hochwertigem Lachsöl zur Unterstützung schöner Haut und glänzendem Fell\nAbgestimmte Vitamin- und Mineralstoffmischung für eine optimal abgestimmte Ernährung ausgewachsener Katzen\nOhne Zusatz von künstlichen Farbstoffen, Konservierungsmitteln, Soja und Zucker\nBesonders schmackhaft\n*Schmeckt nicht? Mit unserer\nQualitätsgarantie\nbekommst du dein Geld zurück und suchst dir einfach ein anderes Futter aus.\nAlleinfuttermittel für ausgewachsene Katzen. Weitere Informationen erhalten Sie hier:\ninfo@fressnapf.com\nInverkehrbringer\nMultiFit Tiernahrungs GmbH, Westpreußenstr. 32-38, 47809 Krefeld\nFütterungsempfehlung\nGewicht des Tieres\nFuttermenge pro Tag\n2 kg\n35 g\n3 kg\n50 g\n4 kg\n60 g\n5 kg\n70 g\n6 kg\n75 g\n7 kg\n85 g\nPREMIERE Adult ist ein Alleinfütterungsmittel (kein Zufüttern nötig). Stellen Sie Ihrer Katze immer frisches Trinkwasser bereit. Achten Sie bei der Nahrungsumstellung darauf, das bisherige Futter allmählich durch PREMIERE Adult zu ersetzen (über ca. eine Woche). So sorgen Sie für optimale Verträglichkeit und Akzeptanz auch während der Umstellungsphase.\nInhaltsstoffe\nAnalytische Bestandteile\nProtein 34%, Fettgehalt 17%, Rohasche 7,5%, Rohfaser 4%, Calcium 1,9%, Phosphor 1,1%, Omega-3-Fettsäuren 0,5%, Omega-6-Fettsäuren 2,3%.\nZusammensetzung\ngetrocknetes Geflügelprotein (28,8%), Kartoffelpülpe (getrocknet), Reis (17%), frisches Geflügelfleisch (14%, u. a. 4% Hühnerfleisch), Grieben (gemahlen), Geflügelfett (6,4%), Leinsaat (1,2%), hydrolysierte Tierproteine (Leber, Herz) (1,1%), Bierhefe (0,9%), Zichorienpülpe (0,19%, getrocknet; Inulin: 0,1%), Sonnenblumenöl (0,19%), Lachsöl (0,19%), Granatapfel (0,04%), Oregano (0,008%), Petersilie (0,008%), Majoran (0,008%), Salbei (0,008%), Thymian (0,008%).\nZusatzstoffe pro kg\nErnährungsphysiologische Zusatzstoffe: Vitamin A 20000 IE, Vitamin D3 1400 IE, Vitamin E 280mg, Taurin 1000mg, Kupfer (Kupfer(II)-sulfat, Pentahydrat) 14mg, Eisen (Eisen(II)-sulfat, Monohydrat) 124mg, Jod (Kalziumjodat, wasserfrei) 3,2mg, Mangan (Mangan(II)-sulfat, Monohydrat) 13mg, Selen (Selenmethionin aus Saccharomyces cerevisiae CNCM I-3399) 0,1mg, Zink (Zinksulfat, Monohydrat) 210mg. Zootechnische Zusatzstoffe: Ammoniumchlorid 4300mg.\nVersandinformationen\nLieferungen erfolgen ab einem Mindestbestellwert von € 19,00 inkl. Mehrwertsteuer nach Abzug von Rabatten.\nWelche Versandkosten fallen für meine Bestellung an?\nWir berechnen € 2,99 bis zu einem Bestellwert von 29,00 €  – unabhängig von der Anzahl der Artikel und der Versandart.\nLieferungen ab 29,00 € werden mit 0,99 € Versandkosten pro Bestellung berechnet. Bei Bestellungen die ein Gesamtgewicht von 31 kg überschreiten, werden je nach Gewicht zwei oder mehrere Pakete versendet (Maximalgewicht pro Paket 31 kg). Für den erhöhten Versandaufwand berechnen wir einmalig zusätzliche Versandkosten in Höhe von 2,99 € pro Bestellung.\nLieferungen sind grundsätzlich nur innerhalb Österreichs möglich.\nDie Lieferzeit beträgt 1-3 Werktage bei Bestellungen bis 16 Uhr.\nKundenbewertungen und -rezensionen verstehen\nProduktbewertungen\nWie funktionieren Bewertungen in der Fressnapf-Gruppe (einschließlich Maxi Zoo)?\nKundenmeinungen in Form von Produkt- und Sternebewertungen sind dienlich für alle Kunden. Sie ermöglichen mehr über das Produkt zu erfahren und helfen bei Kaufentscheidung. Jeder Kunde, der ein Produkt Online oder im Markt erworben hat, kann eine Bewertung abgeben. Wir beziehen zudem Bewertungen aus Dritt-Quellen, z.B. von Hersteller-Seiten. Die Bewertungsherkunft wird an den jeweiligen Rezension ausgewiesen. Für Fressnapf ist das Meinungsbild seiner Kunden wichtig, um Schwachstellen zu analysieren und die Produktqualität zu verbessern. Alle Bewertungen werden durch unseren Dienstleister Bazaarvoice auf Vertrauenswürdigkeit geprüft. Bewertungsinhalte, die gegen die Nutzungsbedingungen der Fressnapf-Gruppe verstoßen, werden abgelehnt. Sonst erfolgt die Veröffentlichung von positiven wie auch negativen Produktbewertungen.\nHier mehr Informationen rund um Produktbewertungen\n.\nWeitere Informationen zur Verarbeitung Ihrer personenbezogenen Daten entnehmen Sie bitte unseren\nDatenschutzhinweisen\n.",
  "rating": 4.6,
  "review": 169,
  "distributor_address": "MultiFit Tiernahrungs GmbH, Westpreußenstr. 32-38, 47809 Krefeld",
  "ingredients": "Analytische Bestandteile Protein 34%, Fettgehalt 17%, Rohasche 7,5%, Rohfaser 4%, Calcium 1,9%, Phosphor 1,1%, Omega-3-Fettsäuren 0,5%, Omega-6-Fettsäuren 2,3%. Zusammensetzung getrocknetes Geflügelprotein (28,8%), Kartoffelpülpe (getrocknet), Reis (17%), frisches Geflügelfleisch (14%, u. a. 4% Hühnerfleisch), Grieben (gemahlen), Geflügelfett (6,4%), Leinsaat (1,2%), hydrolysierte Tierproteine (Leber, Herz) (1,1%), Bierhefe (0,9%), Zichorienpülpe (0,19%, getrocknet; Inulin: 0,1%), Sonnenblumenöl (0,19%), Lachsöl (0,19%), Granatapfel (0,04%), Oregano (0,008%), Petersilie (0,008%), Majoran (0,008%), Salbei (0,008%), Thymian (0,008%). Zusatzstoffe pro kg Ernährungsphysiologische Zusatzstoffe: Vitamin A 20000 IE, Vitamin D3 1400 IE, Vitamin E 280mg, Taurin 1000mg, Kupfer (Kupfer(II)-sulfat, Pentahydrat) 14mg, Eisen (Eisen(II)-sulfat, Monohydrat) 124mg, Jod (Kalziumjodat, wasserfrei) 3,2mg, Mangan (Mangan(II)-sulfat, Monohydrat) 13mg, Selen (Selenmethionin aus Saccharomyces cerevisiae CNCM I-3399) 0,1mg, Zink (Zinksulfat, Monohydrat) 210mg. Zootechnische Zusatzstoffe: Ammoniumchlorid 4300mg.",
  "instock": true,
  "retail_limit": "10x"
},
{
  "_id": {
    "$oid": "66bef411a9267700a3bd0200"
  },
  "unique_id": 1232317005,
  "competitor_name": "fressnapf",
  "product_name": "bosch Mini Junior Geflügel 15 kg",
  "brand": "bosch",
  "regular_price": 39.99,
  "selling_price": 39.99,
  "price_per_unit": "€2.67/kg",
  "currency": "EUR",
  "breadcrumb": "Heimat > Hund > Hundefutter > Hundetrockenfutter > bosch Mini Junior Geflügel 15 kg",
  "pdp_url": "https://www.fressnapf.at/p/bosch-mini-junior-gefluegel-15-kg-1232317005/",
  "product_description": "bosch\nArt.Nr.: 1232317005\nAufzuchtfutter für Welpen kleiner Rassen (bis 15 kg Endgewicht).\nZur Aufzucht kleiner Rassen (bis 15 kg Endgewicht) ist ein speziell zusammengesetztes Aufzuchtfutter mit angepasster Krokettenform und -größe sowie abgestimmter Eiweiß- und Mineralstoffgehalte erforderlich.\nbosch Mini Junior wird ohne glutenhaltiges Getreide unter Verwendung von frischem Geflügel (min. 25 %) hergestellt.\nDurch den Einsatz von Kolostrum wird das Immunsystem ebenso gestärkt wie durch den spezifischen Immun-Komplex aus Mannanen und Glucanen (von Tierärzten entwickelt).\nDie enthaltenen Muschelextrakte unterstützen die Knorpel- und Gelenkentwicklung.\nDie Vorteile im Überblick:\nohne glutenhaltiges Getreide hergestellt (weizenfrei)\nmit viel frischem Geflügel (min. 25 %)\nmit moderatem Eiweißgehalt (26 %)\nmit Kolostrum, das die Abwehrkräfte des Junghundes stärkt\nAlleinfuttermittel für Welpen kleiner Rassen. Weitere Informationen erhalten Sie hier: info@bosch-tiernahrung.de\nInverkehrbringer\nbosch Tiernahrung GmbH & Co. KG, Engelhardshauser Str. 55+57, 74572 Blaufelden-Wiesenbach",
  "rating": 4.78,
  "review": 77,
  "distributor_address": "bosch Tiernahrung GmbH & Co. KG, Engelhardshauser Str. 55+57, 74572 Blaufelden-Wiesenbach",
  "ingredients": "Analytische Bestandteile Protein 26,0 %, Fettgehalt 17,0 %, Rohfaser 2,5 %, Rohasche 6,0 %, Calcium 1,2 %, Phosphor 0,90 %. Zusammensetzung Frisches Geflügel (30 %), Mais, Geflügelfleischmehl, Reis, Hirse, Tierfett, Rübentrockenschnitzel (entzuckert), Proteinhydrolysat, Fischmehl, Leinsamen, Fleischgrieben (getrocknet), Fleischmehl, Erbsen (getrocknet),Hefe (getrocknet, incl. 0,1 % Mannanoligosaccharide, 0,06 % β-Glucanee), Fischöl, Kolostrum (0,3 %), Natriumchlorid, Grünlippmuschelextrakt ( 0,1 %), Chicoree (getrocknet), Kaliumchlorid. Feuchtegehalt 8% Zusatzstoffe pro kg Ernährungsphysiologische Zusatzstoffe: Vitamin A 15.000 I.E., Vitamin D3 1.200 I.E., Vitamin E 150 mg, Zink (als Zinkoxid) 90 mg, Zink (als Aminosäure-Zinkchelat, Hydrat) 75 mg, Kupfer (als Kupfer-(II)-Sulfat, Pentahydrat) 10 mg, Jod (als Calciumjodat, wasserfrei) 2 mg, Selen (als Natriumselenit) 0,2 mg.",
  "instock": true,
  "retail_limit": "10x"
},
{
  "_id": {
    "$oid": "66bef411a9267700a3bd0201"
  },
  "unique_id": 1232366004,
  "competitor_name": "fressnapf",
  "product_name": "bosch Mini Junior Geflügel 3 kg",
  "brand": "bosch",
  "regular_price": 14.99,
  "selling_price": 14.99,
  "price_per_unit": "€5.00/kg",
  "currency": "EUR",
  "breadcrumb": "Heimat > Hund > Hundefutter > Hundetrockenfutter > bosch Mini Junior Geflügel 3 kg",
  "pdp_url": "https://www.fressnapf.at/p/bosch-mini-junior-gefluegel-3-kg-1232366004/",
  "product_description": "bosch\nArt.Nr.: 1232366004\nAufzuchtfutter für Welpen kleiner Rassen (bis 15 kg Endgewicht).\nZur Aufzucht kleiner Rassen (bis 15 kg Endgewicht) ist ein speziell zusammengesetztes Aufzuchtfutter mit angepasster Krokettenform und -größe sowie abgestimmter Eiweiß- und Mineralstoffgehalte erforderlich.\nbosch Mini Junior wird ohne glutenhaltiges Getreide unter Verwendung von frischem Geflügel (min. 25 %) hergestellt.\nDurch den Einsatz von Kolostrum wird das Immunsystem ebenso gestärkt wie durch den spezifischen Immun-Komplex aus Mannanen und Glucanen (von Tierärzten entwickelt).\nDie enthaltenen Muschelextrakte unterstützen die Knorpel- und Gelenkentwicklung.\nDie Vorteile im Überblick:\nohne glutenhaltiges Getreide hergestellt (weizenfrei)\nmit viel frischem Geflügel (min. 25 %)\nmit moderatem Eiweißgehalt (26 %)\nmit Kolostrum, das die Abwehrkräfte des Junghundes stärkt\nAlleinfuttermittel für Welpen kleiner Rassen. Weitere Informationen erhalten Sie hier: info@bosch-tiernahrung.de\nInverkehrbringer\nbosch Tiernahrung GmbH & Co. KG, Engelhardshauser Str. 55+57, 74572 Blaufelden-Wiesenbach",
  "rating": 4.78,
  "review": 77,
  "distributor_address": "bosch Tiernahrung GmbH & Co. KG, Engelhardshauser Str. 55+57, 74572 Blaufelden-Wiesenbach",
  "ingredients": "Analytische Bestandteile Protein 26,0 %, Fettgehalt 17,0 %, Rohfaser 2,5 %, Rohasche 6,0 %, Calcium 1,2 %, Phosphor 0,90 %. Zusammensetzung Frisches Geflügel (30 %), Mais, Geflügelfleischmehl, Reis, Hirse, Tierfett, Rübentrockenschnitzel (entzuckert), Proteinhydrolysat, Fischmehl, Leinsamen, Fleischgrieben (getrocknet), Fleischmehl, Erbsen (getrocknet),Hefe (getrocknet, incl. 0,1 % Mannanoligosaccharide, 0,06 % β-Glucanee), Fischöl, Kolostrum (0,3 %), Natriumchlorid, Grünlippmuschelextrakt ( 0,1 %), Chicoree (getrocknet), Kaliumchlorid. Feuchtegehalt 8% Zusatzstoffe pro kg Ernährungsphysiologische Zusatzstoffe: Vitamin A 15.000 I.E., Vitamin D3 1.200 I.E., Vitamin E 150 mg, Zink (als Zinkoxid) 90 mg, Zink (als Aminosäure-Zinkchelat, Hydrat) 75 mg, Kupfer (als Kupfer-(II)-Sulfat, Pentahydrat) 10 mg, Jod (als Calciumjodat, wasserfrei) 2 mg, Selen (als Natriumselenit) 0,2 mg.",
  "instock": true,
  "retail_limit": "10x"
},
{
  "_id": {
    "$oid": "66bef411a9267700a3bd0202"
  },
  "unique_id": 1244501,
  "competitor_name": "fressnapf",
  "product_name": "REAL NATURE WILDERNESS Adult Mixpaket 6x200g Mixpaket 1",
  "brand": "REAL NATURE",
  "regular_price": 13.69,
  "selling_price": 13.69,
  "price_per_unit": "€11.41/kg",
  "currency": "EUR",
  "breadcrumb": "Heimat > Katze > Katzenfutter > Nassfutter > REAL NATURE WILDERNESS Adult Mixpaket 6x200g Mixpaket 1",
  "pdp_url": "https://www.fressnapf.at/p/real-nature-wilderness-adult-mixpaket-6x200g-mixpaket-1-1244501/",
  "product_description": "REAL NATURE\nArt.Nr.: 1244501\nREAL NATURE WILDERNESS Adult bietet Ihrer Katze naturbelassene1 Zutaten von höchster Qualität. Exklusiv bei Fressnapf! Alleinfuttermittel für ausgewachsene Katzen ab dem 13. Lebensmonat.\nREAL NATURE WILDERNESS Adult folgt der Natur Ihrer Katze. REAL NATURE WILDERNESS orientiert sich an der Ernährung ihrer Vorfahren, der Wildkatzen, und ermöglicht Ihnen, Ihr Tier so artgerecht wie möglich zu ernähren. Die REAL NATURE WILDERNESS Nassnahrung für ausgewachsene Katzen überzeugt durch ideal abgestimmte, getreidefreie Rezepturen mit sehr hohem Fleischanteil, schonend in Brühe gegart.\nDas REAL NATURE WILDERNESS Adult Mixpaket I beinhaltet folgende Sorten:\n2 x True Country Huhn & Lachs\n2 x Fresh Water Hering mit Lachs & Ente\n2 x Wide Savannah Lamm & Wildschwein\nDas REAL NATURE WILDERNESS Adult Mixpaket III beinhaltet folgende Sorten:\n2 x Pure Chicken Huhn\n2 x True Country Huhn & Lachs\n2 x Pure Turkey Pute\nIhre Vorteile im Überblick:\n100% natürlich1\ngetreidefreie Rezeptur\nbis zu 99% Fleischanteil (inkl. Brühe)\nohne Zusatz von Farbstoffen, Antioxidations- und Konservierungsmitteln\nmit 3% ausgesuchten Beeren, Pflanzen, wertvollem Öl und Mineralstoffen\n1 in den eingesetzten Rohstoffen\nMöchtest du mehr über die Produkte von REAL NATURE für Katzen erfahren? Tauche\nhier\nin die Welt der Produktvielfalt von REAL NATURE ein!\nAlleinfuttermittel für ausgewachsene Katzen ab dem 13. Lebensmonat, weitere Informationen erhalten Sie hier:\nhttp://info@fressnapf.com\nMehr Produktinfos\nInverkehrbringer\nMultiFit Tiernahrungs GmbH, Westpreußenstr. 32-38, 47809 Krefeld",
  "rating": 4.53,
  "review": 80,
  "distributor_address": "MultiFit Tiernahrungs GmbH, Westpreußenstr. 32-38, 47809 Krefeld",
  "ingredients": "Analytische Bestandteile True Country Huhn & Lachs:Protein 10,9%, Fettgehalt 5,6%, Rohasche 2,5%, Rohfaser 0,5%, Calcium 0,24%, Phosphor 0,21%. Fresh Water Hering mit Lachs & Ente: Protein 10,1%, Fettgehalt 5,3%, Rohasche 2,5%, Rohfaser 0,5%, Calcium 0,24%, Phosphor 0,21%. Wide Savannah Lamm  & Wildschwein: Protein 10,7%, Fettgehalt, 6,6%, Rohasche 2,5%, Rohfaser 0,5%, Calcium 0,24%, Phosphor 0,21%. Zusammensetzung True Country Huhn & Lachs: 40% Huhn (aus Herzen, Mägen, Lebern, 5% Fleisch, Hälsen), 28,7% Lachs, 28% Hühnerbrühe, 2% Kartoffeln, 1% Mineralstoffe, 0,1% Lachsöl, 0,1% Spirulina, 0,1% Petersilie. Fresh Water Hering mit Lachs & Ente: 28% Hering (aus Fischfilet), 28% Lachsbrühe, 20,7% Lachs, 20% Ente (aus 10% Herzen, Mägen, Hälsen), 2% Äpfel, 1% Mineralstoffe, 0,1% Lachsöl, 0,1% Spirulina, 0,1% Sanddorn. Wide Savannah Lamm & Wildschwein: 35% Lamm (aus Herzen, Lungen, Lebern, 5% Fleisch), 33,8% Wildschwein (aus Herzen, Lungen, Lebern, 5% Fleisch), 28% Lammbrühe, 2% Süßkartoffeln, 1% Mineralstoffe, 0,1% Leinöl, 0,1% Kaktusfeigen. Feuchtegehalt 79% Zusatzstoffe pro kg True Country Huhn & Lachs: Ernährungsphysiologische Zusatzstoffe: Taurin 1500mg, Vitamin E 20mg, Kupfer (3b405) 1mg, Jod (3b202) 0,75mg, Mangan (3b503) 1,4mg, Zink (3b605) 25mg. Fresh Water Hering mit Lachs & Ente: Ernährungsphysiologische Zusatzstoffe: Taurin 1500mg, Vitamin A 3000 IE, Vitamin E 20mg, Kupfer (3b405) 1mg, Jod (3b202) 0,75mg, Mangan (3b503) 1,4mg, Zink (3b605) 25mg. Wide Savannah Lamm  & Wildschwein: Ernährungsphysiologische Zusatzstoffe: Taurin 1500mg, Vitamin D3 200IE, Vitamin E 20mg, Jod (3b202) 0,75mg, Mangan (3b503) 1,4mg, Zink (3b605) 25mg.",
  "instock": true,
  "retail_limit": "10x"
},
{
  "_id": {
    "$oid": "66bef411a9267700a3bd0203"
  },
  "unique_id": 1093767001,
  "competitor_name": "fressnapf",
  "product_name": "PREMIERE Adult Geflügel 4 kg",
  "brand": "PREMIERE",
  "regular_price": 24.49,
  "selling_price": 24.49,
  "price_per_unit": "€6.12/kg",
  "currency": "EUR",
  "breadcrumb": "Heimat > Katze > Katzenfutter > Trockenfutter > PREMIERE Adult Geflügel 4 kg",
  "pdp_url": "https://www.fressnapf.at/p/premiere-adult-gefluegel-4-kg-1093767001/",
  "variants": "{'variant': ['Lachs']}",
  "product_description": "PREMIERE\nArt.Nr.: 1093767001\nPREMIERE Adult mit Geflügel, Rind oder Lachs, erlesenen Kräutern und 14% Frischfleisch ist schmackhaft und speziell auf den Nährstoffbedarf ausgewachsener Katzen abgestimmt.\nOptimale Ernährung Ihrer Katze\nEine abgestimmte Vitamin- und Mineralstoffversorgung und das ausgewogene Protein-/ Fettverhältnis sorgen für eine optimale Ernährung. Pflanzenfasern und Bierhefe können die Darmflora unterstützen. Die Zusammensetzung der Rezeptur kann außerdem die Funktion der Harnwege unterstützen. Hochwertiges Lachsöl und Leinsaat liefern wichtige Omega-3- und Omega-6-Fettsäuren, die ein glänzendes Fell und schöne Haut unterstützen können.PREMIERE Adult mit Geflügel oder Lachs enthält einen extra hohen Anteil an Fleisch und tierischen Bestandteilen für besondere Schmackhaftigkeit!\nDie Vorteile von PREMIERE Adult im Überblick:\nHoher Anteil an Fleisch und tierischen Proteinen\nMit wertvollem Taurin\nDie enthaltenen Pflanzenfasern und Bierhefe können die Verdauung unterstützen\nMit Leinsaat und hochwertigem Lachsöl zur Unterstützung schöner Haut und glänzendem Fell\nAbgestimmte Vitamin- und Mineralstoffmischung für eine optimal abgestimmte Ernährung ausgewachsener Katzen\nOhne Zusatz von künstlichen Farbstoffen, Konservierungsmitteln, Soja und Zucker\nBesonders schmackhaft\n*Schmeckt nicht? Mit unserer\nQualitätsgarantie\nbekommst du dein Geld zurück und suchst dir einfach ein anderes Futter aus.\nAlleinfuttermittel für ausgewachsene Katzen. Weitere Informationen erhalten Sie hier:\ninfo@fressnapf.com\nInverkehrbringer\nMultiFit Tiernahrungs GmbH, Westpreußenstr. 32-38, 47809 Krefeld\nFütterungsempfehlung\nPREMIERE Adult ist ein Alleinfütterungsmittel (kein Zufüttern nötig). Stellen Sie Ihrer Katze immer frisches Trinkwasser bereit. Achten Sie bei der Nahrungsumstellung darauf, das bisherige Futter allmählich durch PREMIERE Adult zu ersetzen (über ca. eine Woche). So sorgen Sie für optimale Verträglichkeit und Akzeptanz auch während der Umstellungsphase.\nAngaben sind Richtwerte. Der tatsächliche Bedarf richtet sich nach Rasse, Alter und Aktivität.\nGewicht des Tieres\nFuttermenge pro Tag\n2 kg\n35 g\n3 kg\n50 g\n4 kg\n60 g\n5 kg\n70 g\n6 kg\n75 g\n7 kg\n85 g\nAngaben sind Richtwerte.\nInhaltsstoffe\nAnalytische Bestandteile\nProtein 34%, Fettgehalt 17%, Rohasche 7,5%, Rohfaser 4%, Calcium 1,9%, Phosphor 1,1%, Omega-3-Fettsäuren 0,5%, Omega-6-Fettsäuren 2,3%.\nZusammensetzung\ngetrocknetes Geflügelprotein (28,8%), Kartoffelpülpe (getrocknet), Reis (17%), frisches Geflügelfleisch (14%, u. a. 4% Hühnerfleisch), Grieben (gemahlen), Geflügelfett (6,4%), Leinsaat (1,2%), hydrolysierte Tierproteine (Leber, Herz) (1,1%), Bierhefe (0,9%), Zichorienpülpe (0,19%, getrocknet; Inulin: 0,1%), Sonnenblumenöl (0,19%), Lachsöl (0,19%), Granatapfel (0,04%), Oregano (0,008%), Petersilie (0,008%), Majoran (0,008%), Salbei (0,008%), Thymian (0,008%).\nZusatzstoffe pro kg\nErnährungsphysiologische Zusatzstoffe: Vitamin A 20000 IE, Vitamin D3 1400 IE, Vitamin E 280mg, Taurin 1000mg, Kupfer (Kupfer(II)-sulfat, Pentahydrat) 14mg, Eisen (Eisen(II)-sulfat, Monohydrat) 124mg, Jod (Kalziumjodat, wasserfrei) 3,2mg, Mangan (Mangan(II)-sulfat, Monohydrat) 13mg, Selen (Selenmethionin aus Saccharomyces cerevisiae CNCM I-3399) 0,1mg, Zink (Zinksulfat, Monohydrat) 210mg. Zootechnische Zusatzstoffe: Ammoniumchlorid 4300mg.\nVersandinformationen\nLieferungen erfolgen ab einem Mindestbestellwert von € 19,00 inkl. Mehrwertsteuer nach Abzug von Rabatten.\nWelche Versandkosten fallen für meine Bestellung an?\nWir berechnen € 2,99 bis zu einem Bestellwert von 29,00 €  – unabhängig von der Anzahl der Artikel und der Versandart.\nLieferungen ab 29,00 € werden mit 0,99 € Versandkosten pro Bestellung berechnet. Bei Bestellungen die ein Gesamtgewicht von 31 kg überschreiten, werden je nach Gewicht zwei oder mehrere Pakete versendet (Maximalgewicht pro Paket 31 kg). Für den erhöhten Versandaufwand berechnen wir einmalig zusätzliche Versandkosten in Höhe von 2,99 € pro Bestellung.\nLieferungen sind grundsätzlich nur innerhalb Österreichs möglich.\nDie Lieferzeit beträgt 1-3 Werktage bei Bestellungen bis 16 Uhr.\nKundenbewertungen und -rezensionen verstehen\nProduktbewertungen\nWie funktionieren Bewertungen in der Fressnapf-Gruppe (einschließlich Maxi Zoo)?\nKundenmeinungen in Form von Produkt- und Sternebewertungen sind dienlich für alle Kunden. Sie ermöglichen mehr über das Produkt zu erfahren und helfen bei Kaufentscheidung. Jeder Kunde, der ein Produkt Online oder im Markt erworben hat, kann eine Bewertung abgeben. Wir beziehen zudem Bewertungen aus Dritt-Quellen, z.B. von Hersteller-Seiten. Die Bewertungsherkunft wird an den jeweiligen Rezension ausgewiesen. Für Fressnapf ist das Meinungsbild seiner Kunden wichtig, um Schwachstellen zu analysieren und die Produktqualität zu verbessern. Alle Bewertungen werden durch unseren Dienstleister Bazaarvoice auf Vertrauenswürdigkeit geprüft. Bewertungsinhalte, die gegen die Nutzungsbedingungen der Fressnapf-Gruppe verstoßen, werden abgelehnt. Sonst erfolgt die Veröffentlichung von positiven wie auch negativen Produktbewertungen.\nHier mehr Informationen rund um Produktbewertungen\n.\nWeitere Informationen zur Verarbeitung Ihrer personenbezogenen Daten entnehmen Sie bitte unseren\nDatenschutzhinweisen\n.",
  "rating": 4.6,
  "review": 169,
  "distributor_address": "MultiFit Tiernahrungs GmbH, Westpreußenstr. 32-38, 47809 Krefeld",
  "ingredients": "Analytische Bestandteile Protein 34%, Fettgehalt 17%, Rohasche 7,5%, Rohfaser 4%, Calcium 1,9%, Phosphor 1,1%, Omega-3-Fettsäuren 0,5%, Omega-6-Fettsäuren 2,3%. Zusammensetzung getrocknetes Geflügelprotein (28,8%), Kartoffelpülpe (getrocknet), Reis (17%), frisches Geflügelfleisch (14%, u. a. 4% Hühnerfleisch), Grieben (gemahlen), Geflügelfett (6,4%), Leinsaat (1,2%), hydrolysierte Tierproteine (Leber, Herz) (1,1%), Bierhefe (0,9%), Zichorienpülpe (0,19%, getrocknet; Inulin: 0,1%), Sonnenblumenöl (0,19%), Lachsöl (0,19%), Granatapfel (0,04%), Oregano (0,008%), Petersilie (0,008%), Majoran (0,008%), Salbei (0,008%), Thymian (0,008%). Zusatzstoffe pro kg Ernährungsphysiologische Zusatzstoffe: Vitamin A 20000 IE, Vitamin D3 1400 IE, Vitamin E 280mg, Taurin 1000mg, Kupfer (Kupfer(II)-sulfat, Pentahydrat) 14mg, Eisen (Eisen(II)-sulfat, Monohydrat) 124mg, Jod (Kalziumjodat, wasserfrei) 3,2mg, Mangan (Mangan(II)-sulfat, Monohydrat) 13mg, Selen (Selenmethionin aus Saccharomyces cerevisiae CNCM I-3399) 0,1mg, Zink (Zinksulfat, Monohydrat) 210mg. Zootechnische Zusatzstoffe: Ammoniumchlorid 4300mg.",
  "instock": true,
  "retail_limit": "10x"
},
{
  "_id": {
    "$oid": "66bef411a9267700a3bd0204"
  },
  "unique_id": 1231124001,
  "competitor_name": "fressnapf",
  "product_name": "PREMIERE Adult Geflügel 10 kg",
  "brand": "PREMIERE",
  "regular_price": 42.99,
  "selling_price": 42.99,
  "price_per_unit": "€4.30/kg",
  "currency": "EUR",
  "breadcrumb": "Heimat > Katze > Katzenfutter > Trockenfutter > PREMIERE Adult Geflügel 10 kg",
  "pdp_url": "https://www.fressnapf.at/p/premiere-adult-gefluegel-10-kg-1231124001/",
  "variants": "{'variant': ['Lachs']}",
  "product_description": "PREMIERE\nArt.Nr.: 1231124001\nPREMIERE Adult mit Geflügel, Rind oder Lachs, erlesenen Kräutern und 14% Frischfleisch ist schmackhaft und speziell auf den Nährstoffbedarf ausgewachsener Katzen abgestimmt.\nOptimale Ernährung Ihrer Katze\nEine abgestimmte Vitamin- und Mineralstoffversorgung und das ausgewogene Protein-/ Fettverhältnis sorgen für eine optimale Ernährung. Pflanzenfasern und Bierhefe können die Darmflora unterstützen. Die Zusammensetzung der Rezeptur kann außerdem die Funktion der Harnwege unterstützen. Hochwertiges Lachsöl und Leinsaat liefern wichtige Omega-3- und Omega-6-Fettsäuren, die ein glänzendes Fell und schöne Haut unterstützen können.PREMIERE Adult mit Geflügel oder Lachs enthält einen extra hohen Anteil an Fleisch und tierischen Bestandteilen für besondere Schmackhaftigkeit!\nDie Vorteile von PREMIERE Adult im Überblick:\nHoher Anteil an Fleisch und tierischen Proteinen\nMit wertvollem Taurin\nDie enthaltenen Pflanzenfasern und Bierhefe können die Verdauung unterstützen\nMit Leinsaat und hochwertigem Lachsöl zur Unterstützung schöner Haut und glänzendem Fell\nAbgestimmte Vitamin- und Mineralstoffmischung für eine optimal abgestimmte Ernährung ausgewachsener Katzen\nOhne Zusatz von künstlichen Farbstoffen, Konservierungsmitteln, Soja und Zucker\nBesonders schmackhaft\n*Schmeckt nicht? Mit unserer\nQualitätsgarantie\nbekommst du dein Geld zurück und suchst dir einfach ein anderes Futter aus.\nAlleinfuttermittel für ausgewachsene Katzen. Weitere Informationen erhalten Sie hier:\ninfo@fressnapf.com\nInverkehrbringer\nMultiFit Tiernahrungs GmbH, Westpreußenstr. 32-38, 47809 Krefeld\nFütterungsempfehlung\nGewicht des Tieres\nFuttermenge pro Tag\n2 kg\n35 g\n3 kg\n50 g\n4 kg\n60 g\n5 kg\n70 g\n6 kg\n75 g\n7 kg\n85 g\nDie Angaben sind Richtwerte. Bitte immer ausreichend frisches Trinkwasser zur Verfügung stellen.\nInhaltsstoffe\nAnalytische Bestandteile\nProtein 34%, Fettgehalt 17%, Rohasche 7,5%, Rohfaser 4%, Calcium 1,9%, Phosphor 1,1%, Omega-3-Fettsäuren 0,5%, Omega-6-Fettsäuren 2,3%.\nZusammensetzung\ngetrocknetes Geflügelprotein (28,8%), Kartoffelpülpe (getrocknet), Reis (17%), frisches Geflügelfleisch (14%, u. a. 4% Hühnerfleisch), Grieben (gemahlen), Geflügelfett (6,4%), Leinsaat (1,2%), hydrolysierte Tierproteine (Leber, Herz) (1,1%), Bierhefe (0,9%), Zichorienpülpe (0,19%, getrocknet; Inulin: 0,1%), Sonnenblumenöl (0,19%), Lachsöl (0,19%), Granatapfel (0,04%), Oregano (0,008%), Petersilie (0,008%), Majoran (0,008%), Salbei (0,008%), Thymian (0,008%).\nZusatzstoffe pro kg\nErnährungsphysiologische Zusatzstoffe: Vitamin A 20000 IE, Vitamin D3 1400 IE, Vitamin E 280mg, Taurin 1000mg, Kupfer (Kupfer(II)-sulfat, Pentahydrat) 14mg, Eisen (Eisen(II)-sulfat, Monohydrat) 124mg, Jod (Kalziumjodat, wasserfrei) 3,2mg, Mangan (Mangan(II)-sulfat, Monohydrat) 13mg, Selen (Selenmethionin aus Saccharomyces cerevisiae CNCM I-3399) 0,1mg, Zink (Zinksulfat, Monohydrat) 210mg. Zootechnische Zusatzstoffe: Ammoniumchlorid 4300mg.\nVersandinformationen\nLieferungen erfolgen ab einem Mindestbestellwert von € 19,00 inkl. Mehrwertsteuer nach Abzug von Rabatten.\nWelche Versandkosten fallen für meine Bestellung an?\nWir berechnen € 2,99 bis zu einem Bestellwert von 29,00 €  – unabhängig von der Anzahl der Artikel und der Versandart.\nLieferungen ab 29,00 € werden mit 0,99 € Versandkosten pro Bestellung berechnet. Bei Bestellungen die ein Gesamtgewicht von 31 kg überschreiten, werden je nach Gewicht zwei oder mehrere Pakete versendet (Maximalgewicht pro Paket 31 kg). Für den erhöhten Versandaufwand berechnen wir einmalig zusätzliche Versandkosten in Höhe von 2,99 € pro Bestellung.\nLieferungen sind grundsätzlich nur innerhalb Österreichs möglich.\nDie Lieferzeit beträgt 1-3 Werktage bei Bestellungen bis 16 Uhr.\nKundenbewertungen und -rezensionen verstehen\nProduktbewertungen\nWie funktionieren Bewertungen in der Fressnapf-Gruppe (einschließlich Maxi Zoo)?\nKundenmeinungen in Form von Produkt- und Sternebewertungen sind dienlich für alle Kunden. Sie ermöglichen mehr über das Produkt zu erfahren und helfen bei Kaufentscheidung. Jeder Kunde, der ein Produkt Online oder im Markt erworben hat, kann eine Bewertung abgeben. Wir beziehen zudem Bewertungen aus Dritt-Quellen, z.B. von Hersteller-Seiten. Die Bewertungsherkunft wird an den jeweiligen Rezension ausgewiesen. Für Fressnapf ist das Meinungsbild seiner Kunden wichtig, um Schwachstellen zu analysieren und die Produktqualität zu verbessern. Alle Bewertungen werden durch unseren Dienstleister Bazaarvoice auf Vertrauenswürdigkeit geprüft. Bewertungsinhalte, die gegen die Nutzungsbedingungen der Fressnapf-Gruppe verstoßen, werden abgelehnt. Sonst erfolgt die Veröffentlichung von positiven wie auch negativen Produktbewertungen.\nHier mehr Informationen rund um Produktbewertungen\n.\nWeitere Informationen zur Verarbeitung Ihrer personenbezogenen Daten entnehmen Sie bitte unseren\nDatenschutzhinweisen\n.",
  "rating": 4.6,
  "review": 169,
  "distributor_address": "MultiFit Tiernahrungs GmbH, Westpreußenstr. 32-38, 47809 Krefeld",
  "ingredients": "Analytische Bestandteile Protein 34%, Fettgehalt 17%, Rohasche 7,5%, Rohfaser 4%, Calcium 1,9%, Phosphor 1,1%, Omega-3-Fettsäuren 0,5%, Omega-6-Fettsäuren 2,3%. Zusammensetzung getrocknetes Geflügelprotein (28,8%), Kartoffelpülpe (getrocknet), Reis (17%), frisches Geflügelfleisch (14%, u. a. 4% Hühnerfleisch), Grieben (gemahlen), Geflügelfett (6,4%), Leinsaat (1,2%), hydrolysierte Tierproteine (Leber, Herz) (1,1%), Bierhefe (0,9%), Zichorienpülpe (0,19%, getrocknet; Inulin: 0,1%), Sonnenblumenöl (0,19%), Lachsöl (0,19%), Granatapfel (0,04%), Oregano (0,008%), Petersilie (0,008%), Majoran (0,008%), Salbei (0,008%), Thymian (0,008%). Zusatzstoffe pro kg Ernährungsphysiologische Zusatzstoffe: Vitamin A 20000 IE, Vitamin D3 1400 IE, Vitamin E 280mg, Taurin 1000mg, Kupfer (Kupfer(II)-sulfat, Pentahydrat) 14mg, Eisen (Eisen(II)-sulfat, Monohydrat) 124mg, Jod (Kalziumjodat, wasserfrei) 3,2mg, Mangan (Mangan(II)-sulfat, Monohydrat) 13mg, Selen (Selenmethionin aus Saccharomyces cerevisiae CNCM I-3399) 0,1mg, Zink (Zinksulfat, Monohydrat) 210mg. Zootechnische Zusatzstoffe: Ammoniumchlorid 4300mg.",
  "instock": true,
  "retail_limit": "10x"
},
{
  "_id": {
    "$oid": "66bef411a9267700a3bd0205"
  },
  "unique_id": 1248534,
  "competitor_name": "fressnapf",
  "product_name": "REAL NATURE Adult 16x100g Rind & Kartoffel",
  "brand": "REAL NATURE",
  "regular_price": 27.04,
  "selling_price": 27.04,
  "price_per_unit": "€15.91/kg",
  "currency": "EUR",
  "breadcrumb": "Heimat > Hund > Hundefutter > Hundenassfutter > REAL NATURE Adult 16x100g Rind & Kartoffel",
  "pdp_url": "https://www.fressnapf.at/p/real-nature-adult-16x100g-rind--kartoffel-1248534/",
  "product_description": "REAL NATURE\nArt.Nr.: 1248534\nREAL NATURE ist speziell auf die Bedürfnisse Ihres Hundes abgestimmt und berücksichtigt den besonderen Nährstoffbedarf in jedem Altersabschnitt.\nDie hochqualitative Vollnahrung enthält ein, zwei oder maximal drei verschiedene tierische Proteinquellen, hochwertigste pflanzliche Komponenten wie Kartoffeln oder Vollkornnudeln und wertvolle Öle, deren essenzielle Omega-6-Fettsäuren zur Haut- und Fellgesundheit beitragen können.\nBesonderheiten\nGeeignet für ausgewachsene Hunde ab dem 9. bzw. 25. Lebensmonat bis zum 6. bzw. 8. Lebensjahr, je nach Rasse und Größe.\nSchonende Zubereitung\nDie REAL NATURE Nassnahrung wird durch das Verfahren der Kaltabfüllung hergestellt. Das heißt: Die Zutaten werden kalt in die Dose abgefüllt und nur einmal erhitzt. Durch dieses einmalige Erhitzen bleiben die Nährstoffe der erlesenen Ingredienzien weitgehend erhalten.\nFeinste Zutaten aus der Natur\nDie hochqualitative Vollnahrung enthält ein, zwei oder maximal drei verschiedene tierische Proteinquellen, hochwertigste pflanzliche Komponenten wie Kartoffeln oder Vollkornnudeln und wertvolle Öle, deren essenziellen Omega-6-Fettsäuren zur Haut- und Fellgesundheit beitragen können.\nREAL NATURE Alleinfuttermittel ist durch Kaltabfüllung besonders schonend verarbeitet, enthält kein Tier- und Knochenmehl und keine künstlichen Zusatz- und Konservierungsstoffe.\nEhrliche Deklaration\nWas drin ist, steht auch drauf! REAL NATURE gibt das Beste aus der Natur weiter. Alle Zutaten werden gewissenhaft ausgewählt, um den höchsten Qualitätsanforderungen gerecht zu werden.\nDie Vorteile im Überblick:\n100% natürlich1: Zutaten höchster Qualität, keine Zusatzstoffe wie Zucker, Farbstoffe, Aromastoffe oder Konservierungsmittel.\nSchutz der natürlichen Nährwerte\nohne Tier- und Knochenmehl\n1 in den eingesetzten Rohstoffen\nMöchtest du mehr über die Produkte von REAL NATURE für Hunde erfahren? Tauche\nhier\nin die Welt der Produktvielfalt von REAL NATURE ein!\nAlleinfuttermittel für ausgewachsene Hunde ab dem 9. bzw. 25. Lebensmonat bis zum 6. bzw. 8. Lebensjahr, je nach Rasse und Größe.\nMehr Produktinfos\nInverkehrbringer\nMultiFit Tiernahrungs GmbH, Westpreußenstr. 32-38, 47809 Krefeld",
  "special_nutrition_purpose": "Alleinfuttermittel für Ihren Hund, weitere Informationen erhalten Sie hier: info@fressnapf.com",
  "rating": 4.45,
  "review": 60,
  "distributor_address": "MultiFit Tiernahrungs GmbH, Westpreußenstr. 32-38, 47809 Krefeld",
  "ingredients": "Analytische Bestandteile 11,5% Protein, 5,5% Fettgehalt, 1,7% Rohasche, 0,5% Rohfaser, 0,31% Calcium, 0,25% Phosphor. Zusammensetzung 68% Rind (aus Fleisch, Herzen, Lungen, Lebern, Nieren, Kehlköpfen), 25,5% Rindfleischbrühe, 5% Kartoffeln, 1% Mineralstoffe, 0,5% Schwarzkümmelöl. Feuchtegehalt 73% Zusatzstoffe pro kg Vitamine: 200 IE Vitamine D3, 30mg Vitamine E. Spurenelemente: 0,75mg Jod (Calciumjodat, wasserfrei), 3mg Mangan (Mangan-(II)-sulfat, Monohydrat), 0,03mg Selen (Natriumselenit), 15mg Zink (Zinksulfat, Monohydrat).",
  "instock": true,
  "retail_limit": "10x"
},
{
  "_id": {
    "$oid": "66bef411a9267700a3bd0206"
  },
  "unique_id": 1324491,
  "competitor_name": "fressnapf",
  "product_name": "REAL NATURE Adult Mixpaket 6x400g Mixpaket 2",
  "brand": "REAL NATURE",
  "regular_price": 17.89,
  "selling_price": 17.89,
  "price_per_unit": "€7.45/kg",
  "currency": "EUR",
  "breadcrumb": "Heimat > Katze > Katzenfutter > Nassfutter > REAL NATURE Adult Mixpaket 6x400g Mixpaket 2",
  "pdp_url": "https://www.fressnapf.at/p/real-nature-adult-mixpaket-6x400g-mixpaket-2-1324491/",
  "product_description": "REAL NATURE\nArt.Nr.: 1324491\nREAL NATURE \"Original\" steht für eine naturnahe Ernährung Ihres Tieres und kombiniert hochwertige tierische Proteine, beste Kohlenhydrate und sorgfältig ausgesuchte pflanzliche Komponenten.\nREAL NATURE verbindet eine natürliche Ernährung und hochwertige Zutaten: Feine Ingredienzien aus der Natur werden gewissenhaft ausgewählt und sorgsam zubereitet, um den hohen natürlichen Nährwert zu erhalten und Ihrem Tier eine naturnahe Ernährung zu ermöglichen. Mit Omega-6 + Taurin.\nAlleinfuttermittel für ausgewachsene Katzen ab einem Alter von 13 Monaten.\nMöchtest du mehr über die Produkte von REAL NATURE für Katzen erfahren? Tauche\nhier\nin die Welt der Produktvielfalt von REAL NATURE ein!\nAlleinfuttermittel für ausgewachsene Katzen ab einem Alter von 13 Monaten, weitere Informationen erhalten Sie hier:\ninfo@fressnapf.com\nMehr Produktinfos\nInverkehrbringer\nMultiFit Tiernahrungs GmbH, Westpreußenstr. 32-38, 47809 Krefeld",
  "rating": 4.37,
  "review": 83,
  "distributor_address": "MultiFit Tiernahrungs GmbH, Westpreußenstr. 32-38, 47809 Krefeld",
  "ingredients": "Analytische Bestandteile Lamm mit Rind und Distelöl: Protein 10,6%, Fettgehalt 7,2%, Rohasche 1,6%, Rohfaser 0,1%, Calcium 0,23%, Phosphor 0,17%. Truthahn & Huhn mit Walnussöl: Protein 12,4%, Fettgehalt 3,8%, Rohasche 1,6%, Rohfaser 0,6%, Calcium 0,18%, Phosphor 0,14%. Thunfisch & Huhn mit Leinöl: Protein 10,8%, Fettgehalt 5,9%, Rohasche 1,9%, Rohfaser 0,5%, Calcium 0,38%, Phosphor 0,27%. Zusammensetzung Lamm mit Rind und Distelöl: 44,5% Lamm (25% Fleisch, Herzen, Lungen, Lebern), Rind (Fleisch, Herzen) 20%, Jonagold Äpfel 2,5%, Mineralstoffe 1%, Distelöl 0,5%.Truthahn & Huhn mit Walnussöl: 32% Truthahn (aus Lebern, Fleisch, Herzen), 30,5% Huhn (aus 23,5% Fleisch, Herzen, Lebern), 3% Karotten, 3% Äpfel, 1% Mineralstoffe, 0,5% Walnussöl. Thunfisch & Huhn mit Leinöl: Huhn (19% Fleisch, Herzen, Lebern) 42%, Thunfisch 19%, Shrimps 6%, Sesam 2%, Mineralstoffe 1%, Lachsöl 0,5%. Feuchtegehalt Lamm mit Rind und Distelöl: 79%.Truthahn & Huhn mit Walnussöl: 80,1%.Thunfisch & Huhn mit Leinöl: 77,7%. Zusatzstoffe pro kg Lamm mit Rind und Distelöl: Ernährungsphysiologische Zusatzstoffe: Vitamin D3 200 IE, Taurin 1500 mg, Jod 0,75 mg, Mangan 3 mg, Zink 15 mg.Truthahn & Huhn mit Walnussöl: Ernährungsphysiologische Zusatzstoffe: Vitamin D3 200 IE, Taurin 1500 mg, Jod 0,75 mg, Mangan 3 mg, Zink 15 mg.Thunfisch & Huhn mit Leinöl: Ernährungsphysiologische Zusatzstoffe: Taurin 1500 mg, Jod 0,75 mg, Mangan 3 mg, Zink 15 mg.",
  "instock": true,
  "retail_limit": "10x"
},
{
  "_id": {
    "$oid": "66bef411a9267700a3bd0207"
  },
  "unique_id": 1255997,
  "competitor_name": "fressnapf",
  "product_name": "PERFECT FIT Beutel Junior <1 mit Huhn 6x750 g",
  "brand": "PERFECT FIT",
  "regular_price": 25.99,
  "selling_price": 25.99,
  "price_per_unit": "€5.78/kg",
  "currency": "EUR",
  "breadcrumb": "Heimat > Katze > Katzenfutter > Trockenfutter > PERFECT FIT Beutel Junior <1 mit Huhn 6x750 g",
  "pdp_url": "https://www.fressnapf.at/p/perfect-fit-beutel-junior-1-mit-huhn-6x750-g-1255997/",
  "product_description": "PERFECT FIT\nArt.Nr.: 1255997\nPerfect Fit ist ein hochwertiges Katzentrockenfutter, mit dem Ihr Liebling seine jugendliche Energie bis ins hohe Alter beibehält. Perfect Fit Katzenfutter mit der hochwirksamen Perfect-Fit-Total-5-Formel wurde in Zusammenarbeit mit unseren Tierärzten und Ernährungsspezialisten entwickelt, um die fünf wichtigsten Gesundheitsbedürfnisse einer Katze zu befriedigen, unabhängig von Alter oder Lebensweise – für ein rundum gesundes Katzenleben.Die Perfect-Fit-Total-5-Formel bietet fünffachen Schutz für ein rundum gesundes Katzenleben: für gesunde Verdauung, starke natürliche Abwehrkräfte, gesunde Harnwege, gesundes Gewicht und gute körperliche Verfassung sowie gesunde Haut und geschmeidiges Fell.Ihre Katze hat es verdient, bis ins hohe Alter glücklich, gesund und aktiv zu sein.Deshalb haben wir eine Reihe hochwertiger Katzentrockenfutter Rezepte entwickelt, die Ihrer Katze geben, was sie braucht, um rundum gesund und aktiv zu sein. Eine wahrhaft schmackhafte Katzennahrung - egal, ob Stubentiger oder Freigänger.\nPerfect Fit unterstützt die ganzheitliche Gesundheit des Körpers.Perfect Fit wird in Zusammenarbeit mit unseren Tierärzten und Ernährungswissenschaftlern des Waltham Petcare Science Institute entwickelt. Das spezielle und hochwertige Katzentrockenfutter hat eine besondere Total-5-Formel zur Unterstützung der 5 wichtigsten gesundheitlichen Bedürfnisse von Haustieren. Unsere Rezepturen werden unter Zugabe von Präbiotika zur Unterstützung des Darmmikrobioms hergestellt.\nAlleinfuttermittel für Katzen unter einem Jahr, weitere Informationen erhalten Sie hier: E-Mail: kontakt@de.mars.com\nInverkehrbringer\nMars GmbH, Eitzer Str. 215, 27283 Verden (Aller)",
  "rating": 4.73,
  "review": 41,
  "distributor_address": "Mars GmbH, Eitzer Str. 215, 27283 Verden (Aller)",
  "ingredients": "Analytische Bestandteile Analytische Bestandteile (%): Protein: 41.0; Fettgehalt: 16.0; anorganischer Stoff: 8.0; Rohfaser: 2.5; Calcium: 0.90; Phosphor: 0.90; Brennwert: 399 kcal/100 g. Zusammensetzung Zusammensetzung: Fleisch und tierische Nebenerzeugnisse (u.a. Huhn 14%), Weizen, pflanzliche Eiweissextrakte, Mais, Öle und Fette (u.a. Fischöl 0.25%*), pflanzliche Nebenerzeugnisse, Mineralstoffe, Hefen (u.a. natürliche Bierhefe 0.2%). *Natürliche DHA-Quelle. Zusatzstoffe pro kg Zusatzstoffe pro kg: Antioxidanzien, Farbstoffe; Ernährungsphysiologische Zusatzstoffe: Vitamin C: 315 mg, Vitamin D₃: 1875 IE, Vitamin E: 100 mg, Taurin: 1000 mg, Kupfer (Kupfer(II)-sulfat-Pentahydrat): 5.1 mg, Jod (Kaliumjodid): 1.3 mg, Mangan (Mangan(II)-sulfat, Monohydrat): 24.8 mg, Selen (Natriumselenit): 0.10 mg, Zink (Zinksulfat Monohydrat): 70.1 mg.",
  "instock": true,
  "retail_limit": "10x"
},
{
  "_id": {
    "$oid": "66bef411a9267700a3bd0208"
  },
  "unique_id": 1244534,
  "competitor_name": "fressnapf",
  "product_name": "REAL NATURE Adult Mixpaket 6x400g Mixpaket 1",
  "brand": "REAL NATURE",
  "regular_price": 17.34,
  "selling_price": 17.34,
  "price_per_unit": "€7.23/kg",
  "currency": "EUR",
  "breadcrumb": "Heimat > Hund > Hundefutter > Hundenassfutter > REAL NATURE Adult Mixpaket 6x400g Mixpaket 1",
  "pdp_url": "https://www.fressnapf.at/p/real-nature-adult-mixpaket-6x400g-mixpaket-1-1244534/",
  "product_description": "REAL NATURE\nArt.Nr.: 1244534\nMixpaket mit verschiedenen Sorten - ideal zum Probieren und für mehr Abwechslung!\nREAL NATURE gibt das Beste aus der Natur weiter. Alle Zutaten werden gewissenhaft ausgewählt, um den höchsten Qualitätsanforderungen gerecht zu werden.\nMixpaket 1:\n2 x Hirsch & Huhn mit Pute, 400g\n2 x Rind mit Kartoffeln, 400g\n1 x Lamm & Rind, 400 g\n1 x Nordmeerhering & Huhn 400g\nMixpaket 2:\n2 x Kalbsherzen & Huhn, 400g\n2 x Rind mit ital. Schinken, 400g\n1 x Lamm mit Kartoffeln, 400g\n1 x Schaf & Huhn mit Ente, 400g\nREAL NATURE Alleinfuttermittel ist durch Kaltabfüllung besonders schonend verarbeitet, enthält kein Tier- und Knochenmehl und keine künstlichen Zusatz- und Konservierungsstoffe. Ehrliche Deklaration. Was drin ist, steht auch drauf!\nDie hochqualitative Vollnahrung enthält ein, zwei oder maximal drei verschiedene tierische Proteinquellen, hochwertigste pflanzliche Komponenten wie Kartoffeln oder Vollkornnudeln und wertvolle Öle, deren essenzielle Omega-6-Fettsäuren zur Haut- und Fellgesundheit beitragen können.\nDie Vorteile im Überblick:\n100% natürlich1: naturbelassene Zutaten höchster Qualität, in den eingesetzten Rohstoffen\nkeine Zusatzstoffe wie Zucker, Farbstoffe, Aromastoffe oder Konservierungsmittel\nSchutz der natürlichen Nährwerte ohne Tier- und Knochenmehl\nschonende Zubereitung\nMöchtest du mehr über die Produkte von REAL NATURE für Hunde erfahren? Tauche\nhier\nin die Welt der Produktvielfalt von REAL NATURE ein!\nAlleinfuttermittel für Hunde. Geeignet für ausgewachsene Hunde ab dem 9. bzw. 25. Lebensmonat bis zum 6. bzw. 8. Lebensjahr, je nach Rasse und Größe.Alle Informationen zum Alleinfuttermittel für erwachsene Hunde und anderen REAL NATURE Produkten erhalten Sie im PDF Download oder hier: info@fressnapf.com\nMehr Produktinfos\nInverkehrbringer\nMultiFit Tiernahrungs GmbH, Westpreußenstr. 32-38, 47809 Krefeld",
  "rating": 4.83,
  "review": 156,
  "distributor_address": "MultiFit Tiernahrungs GmbH, Westpreußenstr. 32-38, 47809 Krefeld",
  "ingredients": "Analytische Bestandteile Hirsch & Huhn: 14% Protein, 6% Fettgehalt, 1,5% Rohasche, 0,4% Rohfaser, 0,35% Calcium, 0,3% Phosphor Rind & Kartoffel: 11,5% Protein, 5,5% Fettgehalt, 1,7% Rohasche, 0,5% Rohfaser, 0,31% Calcium, 0,25% Phosphor. Lamm & Rind: 13,5% Protein, 6,5% Fettgehalt, 1,6% Rohasche, 0,4% Rohfaser, 0,32% Calcium, 0,28% Phosphor. Nordmeerhering & Huhn: 12,2% Protein, 6,9% Fettgehalt, 2,2% Rohasche, 0,4% Rohfaser, 0,32% Calcium, 0,3% Phosphor. Zusammensetzung Hirsch & Huhn: 34% Hirsch (aus Fleisch, Lebern), 26% Huhn (aus Herzen, Fleisch, Mägen, Lebern), 25,5% Hirsch-, Hühner- und Putenfleischbrühe, 8% Putenherzen, 5% Vollkornnudeln, 1% Mineralstoffe, 0,5% Leinöl.Rind & Kartoffel: 68% Rind (aus Fleisch, Herzen, Lungen, Lebern, Nieren, Kehlköpfen), 25,5% Rindfleischbrühe, 5% Kartoffeln, 1% Mineralstoffe, 0,5% Schwarzkümmelöl.Lamm & Rind: 34% Lamm (aus Lungen, Lebern, Pansen, Herzen, Fleisch), 34% Rind (aus Fleisch, Herzen, Lungen, Lebern, Nieren, Kehlköpfen), 25,5% Lamm- und Rindfleischbrühe, 5% Naturreis, 1% Mineralstoffe, 0,5% Weizenkeimöl.Nordmeerhering & Huhn: 42% Huhn (aus Fleisch, Lebern, Herzen, Mägen, Hälsen), 26% Heringsfilet, 25,5% Herings- und Hühnerfleischbrühe, 5% Naturreis, 1% Mineralstoffe, 0,5% Lachsöl. Feuchtegehalt Hirsch & Huhn: 74%Rind & Kartoffel: 73%Lamm  Rind: 74%Nordmeerhering  Huhn: 76% Zusatzstoffe pro kg Vitamine: 200 IE Vitamin. D3, 30mg Vitamin E. Spurenelemente: 0,75mg Jod (Calciumjodat, wasserfrei), 3mg Mangan (Mangan-(II)-sulfat, Monohydrat), 0,03mg Selen (Natriumselenit), 15mg Zink (Zinksulfat, Monohydrat).",
  "instock": true,
  "retail_limit": "10x"
},
{
  "_id": {
    "$oid": "66bef411a9267700a3bd0209"
  },
  "unique_id": 1243300,
  "competitor_name": "fressnapf",
  "product_name": "PREMIERE Adult Geflügel 2x10 kg",
  "brand": "PREMIERE",
  "regular_price": 79.99,
  "selling_price": 79.99,
  "price_per_unit": "€4.00/kg",
  "currency": "EUR",
  "breadcrumb": "Heimat > Katze > Katzenfutter > Trockenfutter > PREMIERE Adult Geflügel 2x10 kg",
  "pdp_url": "https://www.fressnapf.at/p/premiere-adult-gefluegel-2x10-kg-1243300/",
  "variants": "{'variant': ['Lachs']}",
  "product_description": "PREMIERE\nArt.Nr.: 1243300\nPREMIERE Adult mit Geflügel, Rind oder Lachs, erlesenen Kräutern und 14% Frischfleisch ist schmackhaft und speziell auf den Nährstoffbedarf ausgewachsener Katzen abgestimmt.\nOptimale Ernährung Ihrer Katze\nEine abgestimmte Vitamin- und Mineralstoffversorgung und das ausgewogene Protein-/ Fettverhältnis sorgen für eine optimale Ernährung. Pflanzenfasern und Bierhefe können die Darmflora unterstützen. Die Zusammensetzung der Rezeptur kann außerdem die Funktion der Harnwege unterstützen. Hochwertiges Lachsöl und Leinsaat liefern wichtige Omega-3- und Omega-6-Fettsäuren, die ein glänzendes Fell und schöne Haut unterstützen können.PREMIERE Adult mit Geflügel oder Lachs enthält einen extra hohen Anteil an Fleisch und tierischen Bestandteilen für besondere Schmackhaftigkeit!\nDie Vorteile von PREMIERE Adult im Überblick:\nHoher Anteil an Fleisch und tierischen Proteinen\nMit wertvollem Taurin\nDie enthaltenen Pflanzenfasern und Bierhefe können die Verdauung unterstützen\nMit Leinsaat und hochwertigem Lachsöl zur Unterstützung schöner Haut und glänzendem Fell\nAbgestimmte Vitamin- und Mineralstoffmischung für eine optimal abgestimmte Ernährung ausgewachsener Katzen\nOhne Zusatz von künstlichen Farbstoffen, Konservierungsmitteln, Soja und Zucker\nBesonders schmackhaft\n*Schmeckt nicht? Mit unserer\nQualitätsgarantie\nbekommst du dein Geld zurück und suchst dir einfach ein anderes Futter aus.\nAlleinfuttermittel für ausgewachsene Katzen. Weitere Informationen erhalten Sie hier:\ninfo@fressnapf.com\nInverkehrbringer\nMultiFit Tiernahrungs GmbH, Westpreußenstr. 32-38, 47809 Krefeld\nFütterungsempfehlung\nGewicht des Tieres\nFuttermenge pro Tag\n2 kg\n35 g\n3 kg\n50 g\n4 kg\n60 g\n5 kg\n70 g\n6 kg\n75 g\n7 kg\n85 g\nInhaltsstoffe\nAnalytische Bestandteile\nProtein 34%, Fettgehalt 17%, Rohasche 7,5%, Rohfaser 4%, Calcium 1,9%, Phosphor 1,1%, Omega-3-Fettsäuren 0,5%, Omega-6-Fettsäuren 2,3%.\nZusammensetzung\ngetrocknetes Geflügelprotein (28,8%), Kartoffelpülpe (getrocknet), Reis (17%), frisches Geflügelfleisch (14%, u. a. 4% Hühnerfleisch), Grieben (gemahlen), Geflügelfett (6,4%), Leinsaat (1,2%), hydrolysierte Tierproteine (Leber, Herz) (1,1%), Bierhefe (0,9%), Zichorienpülpe (0,19%, getrocknet; Inulin: 0,1%), Sonnenblumenöl (0,19%), Lachsöl (0,19%), Granatapfel (0,04%), Oregano (0,008%), Petersilie (0,008%), Majoran (0,008%), Salbei (0,008%), Thymian (0,008%).\nZusatzstoffe pro kg\nErnährungsphysiologische Zusatzstoffe: Vitamin A 20000 IE, Vitamin D3 1400 IE, Vitamin E 280mg, Taurin 1000mg, Kupfer (Kupfer(II)-sulfat, Pentahydrat) 14mg, Eisen (Eisen(II)-sulfat, Monohydrat) 124mg, Jod (Kalziumjodat, wasserfrei) 3,2mg, Mangan (Mangan(II)-sulfat, Monohydrat) 13mg, Selen (Selenmethionin aus Saccharomyces cerevisiae CNCM I-3399) 0,1mg, Zink (Zinksulfat, Monohydrat) 210mg. Zootechnische Zusatzstoffe: Ammoniumchlorid 4300mg.\nVersandinformationen\nLieferungen erfolgen ab einem Mindestbestellwert von € 19,00 inkl. Mehrwertsteuer nach Abzug von Rabatten.\nWelche Versandkosten fallen für meine Bestellung an?\nWir berechnen € 2,99 bis zu einem Bestellwert von 29,00 €  – unabhängig von der Anzahl der Artikel und der Versandart.\nLieferungen ab 29,00 € werden mit 0,99 € Versandkosten pro Bestellung berechnet. Bei Bestellungen die ein Gesamtgewicht von 31 kg überschreiten, werden je nach Gewicht zwei oder mehrere Pakete versendet (Maximalgewicht pro Paket 31 kg). Für den erhöhten Versandaufwand berechnen wir einmalig zusätzliche Versandkosten in Höhe von 2,99 € pro Bestellung.\nLieferungen sind grundsätzlich nur innerhalb Österreichs möglich.\nDie Lieferzeit beträgt 1-3 Werktage bei Bestellungen bis 16 Uhr.\nKundenbewertungen und -rezensionen verstehen\nProduktbewertungen\nWie funktionieren Bewertungen in der Fressnapf-Gruppe (einschließlich Maxi Zoo)?\nKundenmeinungen in Form von Produkt- und Sternebewertungen sind dienlich für alle Kunden. Sie ermöglichen mehr über das Produkt zu erfahren und helfen bei Kaufentscheidung. Jeder Kunde, der ein Produkt Online oder im Markt erworben hat, kann eine Bewertung abgeben. Wir beziehen zudem Bewertungen aus Dritt-Quellen, z.B. von Hersteller-Seiten. Die Bewertungsherkunft wird an den jeweiligen Rezension ausgewiesen. Für Fressnapf ist das Meinungsbild seiner Kunden wichtig, um Schwachstellen zu analysieren und die Produktqualität zu verbessern. Alle Bewertungen werden durch unseren Dienstleister Bazaarvoice auf Vertrauenswürdigkeit geprüft. Bewertungsinhalte, die gegen die Nutzungsbedingungen der Fressnapf-Gruppe verstoßen, werden abgelehnt. Sonst erfolgt die Veröffentlichung von positiven wie auch negativen Produktbewertungen.\nHier mehr Informationen rund um Produktbewertungen\n.\nWeitere Informationen zur Verarbeitung Ihrer personenbezogenen Daten entnehmen Sie bitte unseren\nDatenschutzhinweisen\n.",
  "rating": 4.6,
  "review": 169,
  "distributor_address": "MultiFit Tiernahrungs GmbH, Westpreußenstr. 32-38, 47809 Krefeld",
  "ingredients": "Analytische Bestandteile Protein 34%, Fettgehalt 17%, Rohasche 7,5%, Rohfaser 4%, Calcium 1,9%, Phosphor 1,1%, Omega-3-Fettsäuren 0,5%, Omega-6-Fettsäuren 2,3%. Zusammensetzung getrocknetes Geflügelprotein (28,8%), Kartoffelpülpe (getrocknet), Reis (17%), frisches Geflügelfleisch (14%, u. a. 4% Hühnerfleisch), Grieben (gemahlen), Geflügelfett (6,4%), Leinsaat (1,2%), hydrolysierte Tierproteine (Leber, Herz) (1,1%), Bierhefe (0,9%), Zichorienpülpe (0,19%, getrocknet; Inulin: 0,1%), Sonnenblumenöl (0,19%), Lachsöl (0,19%), Granatapfel (0,04%), Oregano (0,008%), Petersilie (0,008%), Majoran (0,008%), Salbei (0,008%), Thymian (0,008%). Zusatzstoffe pro kg Ernährungsphysiologische Zusatzstoffe: Vitamin A 20000 IE, Vitamin D3 1400 IE, Vitamin E 280mg, Taurin 1000mg, Kupfer (Kupfer(II)-sulfat, Pentahydrat) 14mg, Eisen (Eisen(II)-sulfat, Monohydrat) 124mg, Jod (Kalziumjodat, wasserfrei) 3,2mg, Mangan (Mangan(II)-sulfat, Monohydrat) 13mg, Selen (Selenmethionin aus Saccharomyces cerevisiae CNCM I-3399) 0,1mg, Zink (Zinksulfat, Monohydrat) 210mg. Zootechnische Zusatzstoffe: Ammoniumchlorid 4300mg.",
  "instock": true,
  "retail_limit": "10x"
},
{
  "_id": {
    "$oid": "66bef411a9267700a3bd020a"
  },
  "unique_id": 1307296,
  "competitor_name": "fressnapf",
  "product_name": "animonda Integra Protect Sensitive 11x150g Pute & Pastinaken",
  "brand": "animonda",
  "regular_price": 9.59,
  "selling_price": 9.59,
  "price_per_unit": "€5.81/kg",
  "currency": "EUR",
  "breadcrumb": "Heimat > Tiergesundheit > Tiergesundheit für Hunde > Hypoallergen > animonda Integra Protect Sensitive 11x150g Pute & Pastinaken",
  "pdp_url": "https://www.fressnapf.at/p/animonda-integra-protect-sensitive-11x150g-pute--pastinaken-1307296/",
  "product_description": "animonda\nArt.Nr.: 1307296\nINTEGRA PROTECT Sensitive wurde speziell für Hunde mit Futtermittelunverträglichkeit entwickelt, die sich vor allem als Juckreiz und Durchfall äußert.\nDer streng limitierte Einsatz tierische und pflanzlicher Eiweißquellen kann Abhilfe schaffen. INTEGRA PROTECT Sensitive enthält nur zwei Proteinquellen: Huhn und Pastinaken.\nHäufig reagieren unsere vierbeinigen Hausgenossen, als Folge der zunehmenden Umweltbelastungen und hektischen Lebensformen, vielfach verbunden mit erheblichen Stresssituationen, vermehrt mit Nahrungssensibilitäten und allergischen Erscheinungen.\nOft gehen diese auch einher mit einer Eiweiß- und/oder Kohlenhydrat-Unverträglichkeit, die bei den Hunden allergische Reaktionen auslöst.\nAnimonda hat mit Integra Protect Sensitive verschiedene Futterspezialitäten entwickelt, die als Vollnahrungsmittel sowohl für eine spezielle und ausgewogene Ernährung als auch für das Wohlbefinden deines Hundes in dieser schwierigen Phase sorgen.\nMULTIFUNKTIONAL:\nWenn der Hund gleichzeitig auch Struvit- oder Calciumoxalatsteine hatte, kann INTEGRA PROTECT Sensitive auch helfen. Ausbalancierte Mineralstoffgehalte sorgen für einen pH-Wert des Hundeurins von 6,6. Bei diesem pH-Wert können sich weder Struvit- noch Calciumoxalatsteine bilden.\nDie Vorteile im Überblick:\nnur mit einer Kohlenhydratquelle\nbei Futtermittelunverträglichkeiten\ngetreidefrei\nHarn-pH 6,5-6,8\nvon Tierärzten entwickelt\nausgezeichnete Akzeptanz\nohne Geschmacksverstärker, Konservierungsstoffe, künstliche Farbstoffe\nohne Soja und Zucker\nDiätalleinfuttermittel für Hunde zur Minderung von Nährstoffunverträglichkeiten, weitere Informationen erhalten Sie hier: info@animonda.de\nDie Fütterung eines veterinärmedizinischen Diätfutters darf nur nach Rücksprache mit einem Tierarzt erfolgen. Während der Fütterung eines veterinärmedizinischen Diätfutters sollte mindestens alle 6 Monate ein Tierarzt zur Kontrolle aufgesucht werden. Wenn sich der Zustand des Haustieres während der Fütterung verschlechtern sollte, ist unverzüglich tierärztlicher Rat einzuholen. Mit dem Auswählen und Einlegen des ausgewählten Diätfutters in den Warenkorb bestätigst Du, dass Du die oben genannten Hinweise gelesen und verstanden hast.\nDiätalleinfuttermittel für ausgewachsene Hunde zur Minderung von Nährstoffunverträglichkeiten. Weitere Informationen erhalten Sie hier:info@animonda.de",
  "rating": 4.78,
  "review": 23,
  "ingredients": "Analytische Bestandteile Protein 11 %, Fettgehalt 5,5 %, Rohfaser 0,7 %, Rohasche 1,6 %, Linolsäure 1,2 % Zusammensetzung Pute (57 % ), Pastinaken (5 %), Calciumcarbonat, Rapsöl (0,5 %), Natriumchlorid Feuchtegehalt 80% Zusatzstoffe pro kg Vitamin D3 150 IE, 0,4 mg 3b202, 1 mg E 4, 1,7 mg E 5, 26 mg E 6",
  "instock": true,
  "retail_limit": "10x"
},
{
  "_id": {
    "$oid": "66bef411a9267700a3bd020b"
  },
  "unique_id": 1324426,
  "competitor_name": "fressnapf",
  "product_name": "REAL NATURE WILDERNESS Adult Mixpaket 6x200g Mixpaket 3",
  "brand": "REAL NATURE",
  "regular_price": 13.69,
  "selling_price": 13.69,
  "price_per_unit": "€11.41/kg",
  "currency": "EUR",
  "breadcrumb": "Heimat > Katze > Katzenfutter > Nassfutter > REAL NATURE WILDERNESS Adult Mixpaket 6x200g Mixpaket 3",
  "pdp_url": "https://www.fressnapf.at/p/real-nature-wilderness-adult-mixpaket-6x200g-mixpaket-3-1324426/",
  "product_description": "REAL NATURE\nArt.Nr.: 1324426\nREAL NATURE WILDERNESS Adult bietet Ihrer Katze naturbelassene1 Zutaten von höchster Qualität. Exklusiv bei Fressnapf! Alleinfuttermittel für ausgewachsene Katzen ab dem 13. Lebensmonat.\nREAL NATURE WILDERNESS Adult folgt der Natur Ihrer Katze. REAL NATURE WILDERNESS orientiert sich an der Ernährung ihrer Vorfahren, der Wildkatzen, und ermöglicht Ihnen, Ihr Tier so artgerecht wie möglich zu ernähren. Die REAL NATURE WILDERNESS Nassnahrung für ausgewachsene Katzen überzeugt durch ideal abgestimmte, getreidefreie Rezepturen mit sehr hohem Fleischanteil, schonend in Brühe gegart.\nDas REAL NATURE WILDERNESS Adult Mixpaket I beinhaltet folgende Sorten:\n2 x True Country Huhn & Lachs\n2 x Fresh Water Hering mit Lachs & Ente\n2 x Wide Savannah Lamm & Wildschwein\nDas REAL NATURE WILDERNESS Adult Mixpaket III beinhaltet folgende Sorten:\n2 x Pure Chicken Huhn\n2 x True Country Huhn & Lachs\n2 x Pure Turkey Pute\nIhre Vorteile im Überblick:\n100% natürlich1\ngetreidefreie Rezeptur\nbis zu 99% Fleischanteil (inkl. Brühe)\nohne Zusatz von Farbstoffen, Antioxidations- und Konservierungsmitteln\nmit 3% ausgesuchten Beeren, Pflanzen, wertvollem Öl und Mineralstoffen\n1 in den eingesetzten Rohstoffen\nMöchtest du mehr über die Produkte von REAL NATURE für Katzen erfahren? Tauche\nhier\nin die Welt der Produktvielfalt von REAL NATURE ein!\nAlleinfuttermittel für ausgewachsene Katzen ab dem 13. Lebensmonat, weitere Informationen erhalten Sie hier:\nhttp://info@fressnapf.com\nMehr Produktinfos\nInverkehrbringer\nMultiFit Tiernahrungs GmbH, Westpreußenstr. 32-38, 47809 Krefeld",
  "rating": 4.53,
  "review": 80,
  "distributor_address": "MultiFit Tiernahrungs GmbH, Westpreußenstr. 32-38, 47809 Krefeld",
  "ingredients": "Analytische Bestandteile Pure Chicken Huhn: Protein 10,1%, Fettgehalt 4,6%, Rohasche 2,4%, Rohfaser 2,3%, Calcium 0,27%, Phosphor 0,22%. True Country Huhn & Lachs: Protein 10,9%, Fettgehalt 5,6%, Rohasche 2,5%, Rohfaser 0,5%, Calcium 0,24%, Phosphor 0,21%. Pure Turkey Pute: Protein 10,9%, Fettgehalt 5,5%, Rohasche 2,5%, Rohfaser 0,5%, Calcium 0,24%, Phosphor 0,21%. Zusammensetzung Pure Chicken Huhn: 67% Huhn (aus Herzen, Mägen, Lebern, 5% Fleisch, Hälsen), 28,8% Hühnerbrühe, 3% Zellulose, 1% Mineralstoffe, 0,1% Spirulina, 0,1% Petersilie. True Country Huhn & Lachs: 40% Huhn (aus Herzen, Mägen, Lebern, 5% Fleisch, Hälsen), 28,7% Lachs, 28% Hühnerbrühe, 2% Kartoffeln, 1% Mineralstoffe, 0,1% Lachsöl, 0,1% Spirulina, 0,1% Petersilie. Pure Turkey Pute: 70% Pute (aus Herzen, Mägen, Lebern, 5% Fleisch, Hälsen), 28,8% Putenbrühe, 1% Mineralstoffe, 0,1% Brennnesseln, 0,1% Leinöl. Feuchtegehalt Pure Chicken Huhn: 80%True Country Huhn & Lachs: 79%Pure Turkey Pute: 79% Zusatzstoffe pro kg Pure Chicken Huhn: Ernährungsphysiologische Zusatzstoffe: Taurin 1500mg, Vitamin D3 200IE, Vitamin E 20mg, Kupfer (3b405) 0,5mg, Jod (3b202) 0,75mg, Mangan (3b503) 1,4mg, Zink (3b605) 25mg. True Country Huhn & Lachs: Ernährungsphysiologische Zusatzstoffe: Taurin 1500mg, Vitamin E 20mg, Kupfer (3b405) 1mg, Jod (3b202) 0,75mg, Mangan (3b503) 1,4mg, Zink (3b605) 25mg. Pure Turkey Pute: Ernährungsphysiologische Zusatzstoffe: Taurin 1500mg, Vitamin D3 200 IE, Vitamin E 20mg, Kupfer (3b405) 0,5mg, Jod (3b202) 0,75mg, Mangan (3b503) 1,4mg, Zink (3b605) 25mg.",
  "instock": true,
  "retail_limit": "10x"
},
{
  "_id": {
    "$oid": "66bef411a9267700a3bd020c"
  },
  "unique_id": 1256001,
  "competitor_name": "fressnapf",
  "product_name": "PERFECT FIT Indoor 1+ Huhn 5x1.4 kg",
  "brand": "PERFECT FIT",
  "regular_price": 38.99,
  "selling_price": 38.99,
  "price_per_unit": "€5.57/kg",
  "currency": "EUR",
  "breadcrumb": "Heimat > Katze > Katzenfutter > Trockenfutter > PERFECT FIT Indoor 1+ Huhn 5x1,4 kg",
  "pdp_url": "https://www.fressnapf.at/p/perfect-fit-indoor-1-huhn-5x14-kg-1256001/",
  "variants": "{'variant': ['Truthahn', 'Rind']}",
  "product_description": "PERFECT FIT\nArt.Nr.: 1256001\nPerfect Fit ist ein hochwertiges Katzentrockenfutter, mit dem Ihr Liebling seine jugendliche Energie bis ins hohe Alter beibehält. Perfect Fit Katzenfutter mit der hochwirksamen Perfect-Fit-Total-5-Formel wurde in Zusammenarbeit mit unseren Tierärzten und Ernährungsspezialisten entwickelt, um die fünf wichtigsten Gesundheitsbedürfnisse einer Katze zu befriedigen, unabhängig von Alter oder Lebensweise – für ein rundum gesundes Katzenleben.Die Perfect-Fit-Total-5-Formel bietet fünffachen Schutz für ein rundum gesundes Katzenleben: für gesunde Verdauung, starke natürliche Abwehrkräfte, gesunde Harnwege, gesundes Gewicht und gute körperliche Verfassung sowie gesunde Haut und geschmeidiges Fell.Ihre Katze hat es verdient, bis ins hohe Alter glücklich, gesund und aktiv zu sein.Deshalb haben wir eine Reihe hochwertiger Katzentrockenfutter Rezepte entwickelt, die Ihrer Katze geben, was sie braucht, um rundum gesund und aktiv zu sein. Eine wahrhaft schmackhafte Katzennahrung - egal, ob Stubentiger oder Freigänger.\nPerfect Fit unterstützt die ganzheitliche Gesundheit des Körpers.Perfect Fit wird in Zusammenarbeit mit unseren Tierärzten und Ernährungswissenschaftlern des Waltham Petcare Science Institute entwickelt. Das spezielle und hochwertige Katzentrockenfutter hat eine besondere Total-5-Formel zur Unterstützung der 5 wichtigsten gesundheitlichen Bedürfnisse von Haustieren. Unsere Rezepturen werden unter Zugabe von Präbiotika zur Unterstützung des Darmmikrobioms hergestellt.\nAlleinfuttermittel für ausgewachsene (Haus-) Katzen, weitere Informationen erhalten Sie hier: E-Mail:\nkontakt@de.mars.com\nInverkehrbringer\nMars GmbH, Eitzer Str. 215, 27283 Verden (Aller)",
  "rating": 4.79,
  "review": 80,
  "distributor_address": "Mars GmbH, Eitzer Str. 215, 27283 Verden (Aller)",
  "ingredients": "Analytische Bestandteile Analytische Bestandteile (%): Protein: 37.0; Fettgehalt: 12.0; anorganischer Stoff: 8.2; Rohfaser: 3.7; Calcium: 1.5; Phosphor: 1.1; Brennwert: 372 kcal/100 g. Zusammensetzung Zusammensetzung: Fleisch und tierische Nebenerzeugnisse (u.a. Huhn 14%), Weizen, pflanzliche Nebenerzeugnisse (u.a. Zellulose 3%, Yucca schidigera 0.03%), Mais, pflanzliche Eiweissextrakte, Öle und Fette, Mineralstoffe, Hefen (u.a. natürliche Bierhefe 0.2%). Zusatzstoffe pro kg Zusatzstoffe pro kg: Antioxidanzien, Farbstoffe; Ernährungsphysiologische Zusatzstoffe: Vitamin C: 193 mg, Vitamin D₃: 750 IE, Vitamin E: 100 mg, Taurin: 550 mg, Kupfer (Kupfer(II)-sulfat-Pentahydrat): 3.9 mg, Jod (Kaliumjodid): 0.98 mg, Eisen (Eisen-(II)-sulfat-Monohydrat): 30.0 mg, Mangan (Mangan(II)-sulfat, Monohydrat): 20.3 mg, Selen (Natriumselenit): 0.10 mg, Zink (Zinksulfat Monohydrat): 57.4 mg.",
  "instock": true,
  "retail_limit": "10x"
},
{
  "_id": {
    "$oid": "66bef411a9267700a3bd020d"
  },
  "unique_id": 1244535,
  "competitor_name": "fressnapf",
  "product_name": "REAL NATURE Adult Mixpaket 6x400g Mixpaket 2",
  "brand": "REAL NATURE",
  "regular_price": 17.34,
  "selling_price": 17.34,
  "price_per_unit": "€7.23/kg",
  "currency": "EUR",
  "breadcrumb": "Heimat > Hund > Hundefutter > Hundenassfutter > REAL NATURE Adult Mixpaket 6x400g Mixpaket 2",
  "pdp_url": "https://www.fressnapf.at/p/real-nature-adult-mixpaket-6x400g-mixpaket-2-1244535/",
  "product_description": "REAL NATURE\nArt.Nr.: 1244535\nMixpaket mit verschiedenen Sorten - ideal zum Probieren und für mehr Abwechslung!\nREAL NATURE gibt das Beste aus der Natur weiter. Alle Zutaten werden gewissenhaft ausgewählt, um den höchsten Qualitätsanforderungen gerecht zu werden.\nMixpaket 1:\n2 x Hirsch & Huhn mit Pute, 400g\n2 x Rind mit Kartoffeln, 400g\n1 x Lamm & Rind, 400 g\n1 x Nordmeerhering & Huhn 400g\nMixpaket 2:\n2 x Kalbsherzen & Huhn, 400g\n2 x Rind mit ital. Schinken, 400g\n1 x Lamm mit Kartoffeln, 400g\n1 x Schaf & Huhn mit Ente, 400g\nREAL NATURE Alleinfuttermittel ist durch Kaltabfüllung besonders schonend verarbeitet, enthält kein Tier- und Knochenmehl und keine künstlichen Zusatz- und Konservierungsstoffe. Ehrliche Deklaration. Was drin ist, steht auch drauf!\nDie hochqualitative Vollnahrung enthält ein, zwei oder maximal drei verschiedene tierische Proteinquellen, hochwertigste pflanzliche Komponenten wie Kartoffeln oder Vollkornnudeln und wertvolle Öle, deren essenzielle Omega-6-Fettsäuren zur Haut- und Fellgesundheit beitragen können.\nDie Vorteile im Überblick:\n100% natürlich1: naturbelassene Zutaten höchster Qualität, in den eingesetzten Rohstoffen\nkeine Zusatzstoffe wie Zucker, Farbstoffe, Aromastoffe oder Konservierungsmittel\nSchutz der natürlichen Nährwerte ohne Tier- und Knochenmehl\nschonende Zubereitung\nMöchtest du mehr über die Produkte von REAL NATURE für Hunde erfahren? Tauche\nhier\nin die Welt der Produktvielfalt von REAL NATURE ein!\nAlleinfuttermittel für Hunde. Geeignet für ausgewachsene Hunde ab dem 9. bzw. 25. Lebensmonat bis zum 6. bzw. 8. Lebensjahr, je nach Rasse und Größe.Alle Informationen zum Alleinfuttermittel für erwachsene Hunde und anderen REAL NATURE Produkten erhalten Sie im PDF Download oder hier: info@fressnapf.com\nMehr Produktinfos\nInverkehrbringer\nMultiFit Tiernahrungs GmbH, Westpreußenstr. 32-38, 47809 Krefeld",
  "rating": 4.83,
  "review": 156,
  "distributor_address": "MultiFit Tiernahrungs GmbH, Westpreußenstr. 32-38, 47809 Krefeld",
  "ingredients": "Analytische Bestandteile Kalbsherzen & Huhn: 11% Protein, 6,9% Fettgehalt, 1,9% Rohasche, 0,4% Rohfaser, 0,33% Calcium, 0,29% Phosphor. Rind mit ital. Schinken: 11,8% Protein, 7,4% Fettgehalt, 1,9% Rohasche, 0,4% Rohfaser, 0,31% Calcium, 0,28% Phosphor. Lamm mit Kartoffel: 10,8% Protein, 7,1% Fettgehalt, 1,9% Rohasche, 0,4% Rohfaser, 0,29% Calcium, 0,25% Phosphor. Schaf & Huhn: 12,5% Protein, 6,5% Fettgehalt, 1,4% Rohasche, 0,4% Rohfaser, 0,32% Calcium, 0,29% Phosphor. Zusammensetzung Kalbsherzen & Huhn: 34% Kalbsherzen, 34% Huhn (aus Lebern, Mägen, Fleisch, Herzen), 25,5% Kalb- und Hühnerfleischbrühe, 5% Kartoffeln, 1% Mineralstoffe, 0,5% Kräuter der Provence.Rind mit ital. Schinken: 50% Rind (aus Fleisch, Herzen, Lungen, Lebern, Nieren, Kehlköpfen), 25,5% Rindfleischbrühe, 18% italienischer Schinken, 5% Bandnudeln, 1% Mineralstoffe, 0,5% Olivenöl.Lamm mit Kartoffel: 68% Lamm (aus Herzen, Fleisch, Pansen, Lungen, Lebern), 25,5% Lammfleischbrühe, 5% kartoffeln, 1% Mineralstoffe, 0,5% MaiskeimölSchaf & Huhn: 32% Schaf (aus Lungen, Lebern, Fleisch, Herzen), 28% Huhn (aus Fleisch, Herzen, Lebern, Mägen), 25,5% Schafs-, Hühnerund Entenfleischbrühe, 8% Entenherzen, 5% Naturreis, 1% Mineralstoffe, 0,5% Hanföl. Feuchtegehalt Kalbsherzen  Huhn: 75%Rind mit ital. Schinken: 76%Lamm mit Kartoffel: 76%Schaf  Huhn: 74% Zusatzstoffe pro kg Vitamine: 200 IE Vitamin. D3, 30mg Vitamin E. Spurenelemente: 0,75mg Jod (Calciumjodat, wasserfrei), 3mg Mangan (Mangan-(II)-sulfat, Monohydrat), 0,03mg Selen (Natriumselenit), 15mg Zink (Zinksulfat, Monohydrat).",
  "instock": true,
  "retail_limit": "10x"
},
{
  "_id": {
    "$oid": "66bef411a9267700a3bd020e"
  },
  "unique_id": 1256008,
  "competitor_name": "fressnapf",
  "product_name": "animonda Integra Protect Sensitive 11x150g Huhn & Pastinaken",
  "brand": "animonda",
  "regular_price": 12.19,
  "selling_price": 12.19,
  "price_per_unit": "€7.39/kg",
  "currency": "EUR",
  "breadcrumb": "Heimat > Tiergesundheit > Tiergesundheit für Hunde > Hypoallergen > animonda Integra Protect Sensitive 11x150g Huhn & Pastinaken",
  "pdp_url": "https://www.fressnapf.at/p/animonda-integra-protect-sensitive-11x150g-huhn--pastinaken-1256008/",
  "product_description": "animonda\nArt.Nr.: 1256008\nINTEGRA PROTECT Sensitive wurde speziell für Hunde mit Futtermittelunverträglichkeit entwickelt, die sich vor allem als Juckreiz und Durchfall äußert.\nDer streng limitierte Einsatz tierische und pflanzlicher Eiweißquellen kann Abhilfe schaffen. INTEGRA PROTECT Sensitive enthält nur zwei Proteinquellen: Huhn und Pastinaken.\nHäufig reagieren unsere vierbeinigen Hausgenossen, als Folge der zunehmenden Umweltbelastungen und hektischen Lebensformen, vielfach verbunden mit erheblichen Stresssituationen, vermehrt mit Nahrungssensibilitäten und allergischen Erscheinungen.\nOft gehen diese auch einher mit einer Eiweiß- und/oder Kohlenhydrat-Unverträglichkeit, die bei den Hunden allergische Reaktionen auslöst.\nAnimonda hat mit Integra Protect Sensitive verschiedene Futterspezialitäten entwickelt, die als Vollnahrungsmittel sowohl für eine spezielle und ausgewogene Ernährung als auch für das Wohlbefinden deines Hundes in dieser schwierigen Phase sorgen.\nMULTIFUNKTIONAL:\nWenn der Hund gleichzeitig auch Struvit- oder Calciumoxalatsteine hatte, kann INTEGRA PROTECT Sensitive auch helfen. Ausbalancierte Mineralstoffgehalte sorgen für einen pH-Wert des Hundeurins von 6,6. Bei diesem pH-Wert können sich weder Struvit- noch Calciumoxalatsteine bilden.\nDie Vorteile im Überblick:\nnur mit einer Kohlenhydratquelle\nbei Futtermittelunverträglichkeiten\ngetreidefrei\nHarn-pH 6,5-6,8\nvon Tierärzten entwickelt\nausgezeichnete Akzeptanz\nohne Geschmacksverstärker, Konservierungsstoffe, künstliche Farbstoffe\nohne Soja und Zucker\nDiätalleinfuttermittel für Hunde zur Minderung von Nährstoffunverträglichkeiten, weitere Informationen erhalten Sie hier: info@animonda.de\nDie Fütterung eines veterinärmedizinischen Diätfutters darf nur nach Rücksprache mit einem Tierarzt erfolgen. Während der Fütterung eines veterinärmedizinischen Diätfutters sollte mindestens alle 6 Monate ein Tierarzt zur Kontrolle aufgesucht werden. Wenn sich der Zustand des Haustieres während der Fütterung verschlechtern sollte, ist unverzüglich tierärztlicher Rat einzuholen. Mit dem Auswählen und Einlegen des ausgewählten Diätfutters in den Warenkorb bestätigst Du, dass Du die oben genannten Hinweise gelesen und verstanden hast.",
  "rating": 4.78,
  "review": 23,
  "ingredients": "Analytische Bestandteile Protein 9,5 %, Fettgehalt 6 %, Rohfaser 0,8 %, Rohasche 1,7 %, Linolsäure 1,6 % Zusammensetzung Huhn (60 %), Pastinaken (5 %), Calciumcarbonat, Rapsöl (0,5 %), Natriumchlorid Feuchtegehalt 80% Zusatzstoffe pro kg Vitamin D3 150 IE, 0,4 mg 3b202, 1 mg E 4, 1,7 mg E 5, 26 mg E 6",
  "instock": true,
  "retail_limit": "10x"
},
{
  "_id": {
    "$oid": "66bef411a9267700a3bd020f"
  },
  "unique_id": 1256004,
  "competitor_name": "fressnapf",
  "product_name": "animonda Integra Protect Sensitive 6x400g Huhn pur",
  "brand": "animonda",
  "regular_price": 13.69,
  "selling_price": 13.69,
  "price_per_unit": "€5.70/kg",
  "currency": "EUR",
  "breadcrumb": "Heimat > Tiergesundheit > Tiergesundheit für Hunde > Hypoallergen > animonda Integra Protect Sensitive 6x400g Huhn pur",
  "pdp_url": "https://www.fressnapf.at/p/animonda-integra-protect-sensitive-6x400g-huhn-pur-1256004/",
  "product_description": "animonda\nArt.Nr.: 1256004\nINTEGRA PROTECT Sensitive wurde speziell für Hunde mit Futtermittelunverträglichkeit entwickelt, die sich vor allem als Juckreiz und Durchfall äußert.\nDer streng limitierte Einsatz tierische und pflanzlicher Eiweißquellen kann Abhilfe schaffen. INTEGRA PROTECT Sensitive enthält nur zwei Proteinquellen.\nHäufig reagieren unsere vierbeinigen Hausgenossen, als Folge der zunehmenden Umweltbelastungen und hektischen Lebensformen, vielfach verbunden mit erheblichen Stresssituationen, vermehrt mit Nahrungssensibilitäten und allergischen Erscheinungen.\nOft gehen diese auch einher mit einer Eiweiß- und/oder Kohlenhydrat-Unverträglichkeit, die bei den Hunden allergische Reaktionen auslöst.\nAnimonda hat mit Integra Protect Sensitive verschiedene Futterspezialitäten entwickelt, die als Vollnahrungsmittel sowohl für eine spezielle und ausgewogene Ernährung als auch für das Wohlbefinden deines Hundes in dieser schwierigen Phase sorgen.\nMULTIFUNKTIONAL:\nWenn der Hund gleichzeitig auch Struvit- oder Calciumoxalatsteine hatte, kann INTEGRA PROTECT Sensitive auch helfen. Ausbalancierte Mineralstoffgehalte sorgen für einen pH-Wert des Hundeurins von 6,6. Bei diesem pH-Wert können sich weder Struvit- noch Calciumoxalatsteine bilden.\nDie Vorteile im Überblick:\nnur mit einer Kohlenhydratquelle\nbei Futtermittelunverträglichkeiten\ngetreidefrei\nHarn-pH 6,5-6,8\nvon Tierärzten entwickelt\nausgezeichnete Akzeptanz\nohne Geschmacksverstärker, Konservierungsstoffe, künstliche Farbstoffe\nohne Soja und Zucker\nDiätalleinfuttermittel für Hunde zur Minderung von Nährstoffunverträglichkeiten, weitere Informationen erhalten Sie hier: info@animonda.de\nDie Fütterung eines veterinärmedizinischen Diätfutters darf nur nach Rücksprache mit einem Tierarzt erfolgen. Während der Fütterung eines veterinärmedizinischen Diätfutters sollte mindestens alle 6 Monate ein Tierarzt zur Kontrolle aufgesucht werden. Wenn sich der Zustand des Haustieres während der Fütterung verschlechtern sollte, ist unverzüglich tierärztlicher Rat einzuholen. Mit dem Auswählen und Einlegen des ausgewählten Diätfutters in den Warenkorb bestätigst Du, dass Du die oben genannten Hinweise gelesen und verstanden hast.",
  "rating": 4.79,
  "review": 38,
  "ingredients": "Analytische Bestandteile Protein 10 %, Fettgehalt 4,5 %, Rohfaser 0,3 %, Rohasche 2 %, Natrium 0,25 %, Kalium 0,27 %. Zusammensetzung Fleisch und tierische Nebenerzeugnisse (ausschießlich Huhn), Getreide (Reis), Mineralstoffe. Feuchtegehalt 80% Zusatzstoffe pro kg Vitamin D3 200 I.E, 0,75 mg 3b202, 3 mg E 5, 15 mg 3b605",
  "instock": true,
  "retail_limit": "10x"
},
{
  "_id": {
    "$oid": "66bef411a9267700a3bd0210"
  },
  "unique_id": 1244468,
  "competitor_name": "fressnapf",
  "product_name": "REAL NATURE Wilderness Adult Mixpaket 6x400g Mixpaket 2",
  "brand": "REAL NATURE",
  "regular_price": 20.29,
  "selling_price": 20.29,
  "price_per_unit": "€8.45/kg",
  "currency": "EUR",
  "breadcrumb": "Heimat > Katze > Katzenfutter > Nassfutter > REAL NATURE Wilderness Adult Mixpaket 6x400g Mixpaket 2",
  "pdp_url": "https://www.fressnapf.at/p/real-nature-wilderness-adult-mixpaket-6x400g-mixpaket-2-1244468/",
  "product_description": "REAL NATURE\nArt.Nr.: 1244468\nREAL NATURE WILDERNESS Adult bietet Ihrer Katze naturbelassene1 Zutaten von höchster Qualität. Exklusiv bei Fressnapf! Alleinfuttermittel für ausgewachsene Katzen ab dem 13. Lebensmonat.\nREAL NATURE WILDERNESS Adult folgt der Natur Ihrer Katze. REAL NATURE WILDERNESS orientiert sich an der Ernährung ihrer Vorfahren, der Wildkatzen, und ermöglicht Ihnen, Ihr Tier so artgerecht wie möglich zu ernähren. Die REAL NATURE WILDERNESS Nassnahrung für ausgewachsene Katzen überzeugt durch ideal abgestimmte, getreidefreie Rezepturen mit sehr hohem Fleischanteil, schonend in Brühe gegart.\nDas REAL NATURE WILDERNESS Adult Mixpaket I beinhaltet folgende Sorten:\n2 x True Country Huhn & Lachs\n2 x Fresh Water Hering mit Lachs & Ente\n2 x Wide Savannah Lamm & Wildschwein\nDas REAL NATURE WILDERNESS Adult Mixpaket II beinhaltet folgende Sorten:\n2 x True Country Huhn & Lachs\n2 x Dark Fjord Wildschwein mit Ente & Rentier\n2 x Pure Chicken Huhn\nIhre Vorteile im Überblick:\n100% natürlich1\ngetreidefreie Rezeptur\nbis zu 99% Fleischanteil (inkl. Brühe)\nohne Zusatz von Farbstoffen, Antioxidations- und Konservierungsmitteln\nmit 3% ausgesuchten Beeren, Pflanzen, wertvollem Öl und Mineralstoffen\n1 in den eingesetzten Rohstoffen\nMöchtest du mehr über die Produkte von REAL NATURE für Katzen erfahren? Tauche\nhier\nin die Welt der Produktvielfalt von REAL NATURE ein!\nAlleinfuttermittel für ausgewachsene Katzen ab dem 13. Lebensmonat, weitere Informationen erhalten Sie hier:\nhttp://info@fressnapf.com\nMehr Produktinfos\nInverkehrbringer\nMultiFit Tiernahrungs GmbH, Westpreußenstr. 32-38, 47809 Krefeld",
  "rating": 4.21,
  "review": 107,
  "distributor_address": "MultiFit Tiernahrungs GmbH, Westpreußenstr. 32-38, 47809 Krefeld",
  "ingredients": "Analytische Bestandteile True Country Huhn & Lachs: Protein 10,9%, Fettgehalt 5,6%, Rohasche 2,5%, Rohfaser 0,5%, Calcium 0,24%, Phosphor 0,21%. Dark Fjord Wildschwein & Ente mit Rentier: Protein 11,0%, Fettgehalt 5,2%, Rohasche 2,1%, Rohfaser 0,4%, Calcium 0,35% Phosphor 0,32%. Pure Chicken Huhn: Protein 10,5%, Fettgehalt 5,1%, Rohasche 2,4%, Rohfaser 0,3%, Calcium 0,28%, Phosphor 0,25%. Zusammensetzung True Country Huhn & Lachs: 40% Huhn (aus Herzen, Mägen, Lebern, 5% Fleisch, Hälsen), 28,7% Lachs, 28% Hühnerbrühe, 2% Kartoffeln, 1% Mineralstoffe, 0,1% Lachsöl, 0,1% Spirulina, 0,1% Petersilie. Dark Fjord Wildschwein & Ente mit Rentier: 32% Wildschwein (aus Herzen, Lungen, Lebern, 5% Fleisch), 32% Ente (aus 15% Herzen, Mägen, Hälsen), 28,8% Entenbrühe, 4% Rentier (Fleisch und tierische Nebenerzeugnisse), 2% Äpfel, 1% Mineralstoffe, 0,1% Leinöl, 0,1% Kaktusfeigen.  Pure Chicken Huhn: 70% Huhn (aus Herzen, Mägen, Lebern, 5% Fleisch, Hälsen), 28,8% Hühnerbrühe, 1% Mineralstoffe, 0,1% Brennnesseln, 0,1% Leinöl. Feuchtegehalt True Country Huhn  Lachs: 79%Dark Fjord Wildschwein  Ente mit Rentier: 79%Pure Chicken Huhn: 80% Zusatzstoffe pro kg Ernährungsphysiologische Zusatzstoffe: Vitamin D3 200 IE, Vitamin E 20mg, Taurin 1500mg, Kupfer 0,5mg, Jod (Calciumjodat, wasserfrei) 0,75mg, Mangan (Mangan-(II)-sulfat, Monohydrat) 1,4mg, Zink (Zinksulfat, Monohydrat) 25mg",
  "instock": true,
  "retail_limit": "10x"
},
{
  "_id": {
    "$oid": "66bef411a9267700a3bd0211"
  },
  "unique_id": 1239291,
  "competitor_name": "fressnapf",
  "product_name": "bosch Mini Junior Geflügel 2x15 kg",
  "brand": "bosch",
  "regular_price": 76.99,
  "selling_price": 76.99,
  "price_per_unit": "€2.57/kg",
  "currency": "EUR",
  "breadcrumb": "Heimat > Hund > Hundefutter > Hundetrockenfutter > bosch Mini Junior Geflügel 2x15 kg",
  "pdp_url": "https://www.fressnapf.at/p/bosch-mini-junior-gefluegel-2x15-kg-1239291/",
  "product_description": "bosch\nArt.Nr.: 1239291\nAufzuchtfutter für Welpen kleiner Rassen (bis 15 kg Endgewicht).\nZur Aufzucht kleiner Rassen (bis 15 kg Endgewicht) ist ein speziell zusammengesetztes Aufzuchtfutter mit angepasster Krokettenform und -größe sowie abgestimmter Eiweiß- und Mineralstoffgehalte erforderlich.\nbosch Mini Junior wird ohne glutenhaltiges Getreide unter Verwendung von frischem Geflügel (min. 25 %) hergestellt.\nDurch den Einsatz von Kolostrum wird das Immunsystem ebenso gestärkt wie durch den spezifischen Immun-Komplex aus Mannanen und Glucanen (von Tierärzten entwickelt).\nDie enthaltenen Muschelextrakte unterstützen die Knorpel- und Gelenkentwicklung.\nDie Vorteile im Überblick:\nohne glutenhaltiges Getreide hergestellt (weizenfrei)\nmit viel frischem Geflügel (min. 25 %)\nmit moderatem Eiweißgehalt (26 %)\nmit Kolostrum, das die Abwehrkräfte des Junghundes stärkt\nAlleinfuttermittel für Welpen kleiner Rassen. Weitere Informationen erhalten Sie hier: info@bosch-tiernahrung.de\nInverkehrbringer\nbosch Tiernahrung GmbH & Co. KG, Engelhardshauser Str. 55+57, 74572 Blaufelden-Wiesenbach",
  "rating": 4.78,
  "review": 77,
  "distributor_address": "bosch Tiernahrung GmbH & Co. KG, Engelhardshauser Str. 55+57, 74572 Blaufelden-Wiesenbach",
  "ingredients": "Analytische Bestandteile Protein 26,0 %, Fettgehalt 17,0 %, Rohfaser 2,5 %, Rohasche 6,0 %, Calcium 1,2 %, Phosphor 0,90 %. Zusammensetzung Frisches Geflügel (25 %), Mais, Geflügelfleischmehl, Reis, Hirse, Tierfett, Rübentrockenschnitzel (entzuckert), Proteinhydrolysat, Fischmehl, Leinsamen, Fleischgrieben (getrocknet), Fleischmehl, Erbsen (getrocknet),Hefe (getrocknet, incl. 0,1 % Mannanoligosaccharide, 0,06 % β-Glucanee), Fischöl, Kolostrum (0,3 %), Natriumchlorid, Grünlippmuschelextrakt ( 0,1 %), Chicoree (getrocknet), Kaliumchlorid. Feuchtegehalt 8% Zusatzstoffe pro kg Ernährungsphysiologische Zusatzstoffe: Vitamin A 15.000 I.E., Vitamin D3 1.200 I.E., Vitamin E 150 mg, Zink (als Zinkoxid) 90 mg, Zink (als Aminosäure-Zinkchelat, Hydrat) 75 mg, Kupfer (als Kupfer-(II)-Sulfat, Pentahydrat) 10 mg, Jod (als Calciumjodat, wasserfrei) 2 mg, Selen (als Natriumselenit) 0,2 mg.",
  "instock": true,
  "retail_limit": "10x"
},
{
  "_id": {
    "$oid": "66bef411a9267700a3bd0212"
  },
  "unique_id": 1244502,
  "competitor_name": "fressnapf",
  "product_name": "REAL NATURE Wilderness Adult Mixpaket 6x400g Mixpaket 1",
  "brand": "REAL NATURE",
  "regular_price": 20.29,
  "selling_price": 20.29,
  "price_per_unit": "€8.45/kg",
  "currency": "EUR",
  "breadcrumb": "Heimat > Katze > Katzenfutter > Nassfutter > REAL NATURE Wilderness Adult Mixpaket 6x400g Mixpaket 1",
  "pdp_url": "https://www.fressnapf.at/p/real-nature-wilderness-adult-mixpaket-6x400g-mixpaket-1-1244502/",
  "product_description": "REAL NATURE\nArt.Nr.: 1244502\nREAL NATURE WILDERNESS Adult bietet Ihrer Katze naturbelassene1 Zutaten von höchster Qualität. Exklusiv bei Fressnapf! Alleinfuttermittel für ausgewachsene Katzen ab dem 13. Lebensmonat.\nREAL NATURE WILDERNESS Adult folgt der Natur Ihrer Katze. REAL NATURE WILDERNESS orientiert sich an der Ernährung ihrer Vorfahren, der Wildkatzen, und ermöglicht Ihnen, Ihr Tier so artgerecht wie möglich zu ernähren. Die REAL NATURE WILDERNESS Nassnahrung für ausgewachsene Katzen überzeugt durch ideal abgestimmte, getreidefreie Rezepturen mit sehr hohem Fleischanteil, schonend in Brühe gegart.\nDas REAL NATURE WILDERNESS Adult Mixpaket I beinhaltet folgende Sorten:\n2 x True Country Huhn & Lachs\n2 x Fresh Water Hering mit Lachs & Ente\n2 x Wide Savannah Lamm & Wildschwein\nDas REAL NATURE WILDERNESS Adult Mixpaket II beinhaltet folgende Sorten:\n2 x True Country Huhn & Lachs\n2 x Dark Fjord Wildschwein mit Ente & Rentier\n2 x Pure Chicken Huhn\nIhre Vorteile im Überblick:\n100% natürlich1\ngetreidefreie Rezeptur\nbis zu 99% Fleischanteil (inkl. Brühe)\nohne Zusatz von Farbstoffen, Antioxidations- und Konservierungsmitteln\nmit 3% ausgesuchten Beeren, Pflanzen, wertvollem Öl und Mineralstoffen\n1 in den eingesetzten Rohstoffen\nMöchtest du mehr über die Produkte von REAL NATURE für Katzen erfahren? Tauche\nhier\nin die Welt der Produktvielfalt von REAL NATURE ein!\nAlleinfuttermittel für ausgewachsene Katzen ab dem 13. Lebensmonat, weitere Informationen erhalten Sie hier:\nhttp://info@fressnapf.com\nMehr Produktinfos\nInverkehrbringer\nMultiFit Tiernahrungs GmbH, Westpreußenstr. 32-38, 47809 Krefeld",
  "rating": 4.21,
  "review": 107,
  "distributor_address": "MultiFit Tiernahrungs GmbH, Westpreußenstr. 32-38, 47809 Krefeld",
  "ingredients": "Analytische Bestandteile True Country Huhn & Lachs: Protein 10,9%, Fettgehalt 5,6%, Rohasche 2,5%, Rohfaser 0,5%, Calcium 0,24%, Phosphor 0,21%. Fresh Water Hering mit Lachs & Ente: Protein 10,1%, Fettgehalt 5,3%, Rohasche 2,5%, Rohfaser 0,5%, Calcium 0,24%, Phosphor 0,21% Wide Savannah Lamm  & Wildschwein: Protein 10,7%, Fettgehalt 6,6%, Rohasche 2,5%, Rohfaser 0,5%, Calcium 0,24%, Phosphor 0,21% Zusammensetzung True Country Huhn & Lachs: 40% Huhn (aus Herzen, Mägen, Lebern, 5% Fleisch, Hälsen), 28,7% Lachs, 28% Hühnerbrühe, 2% Kartoffeln, 1% Mineralstoffe, 0,1% Lachsöl, 0,1% Spirulina, 0,1% Petersilie. Fresh Water Hering mit Lachs & Ente:28% Hering (aus Fischfilet), 28% Lachsbrühe, 20,7% Lachs, 20% Ente (aus 10% Herzen, Mägen, Hälsen), 2% Äpfel, 1% Mineralstoffe, 0,1% Lachsöl, 0,1% Spirulina, 0,1% Sanddorn Wide Savannah Lamm & Wildschwein: 35% Lamm (aus Herzen, Lungen, Lebern, 5% Fleisch), 33,8% Wildschwein (aus Herzen, Lungen, Lebern, 5% Fleisch), 28% Lammbrühe, 2% Süßkartoffeln, 1% Mineralstoffe, 0,1% Leinöl, 0,1% Feuchtegehalt 79% Zusatzstoffe pro kg Ernährungsphysiologische Zusatzstoffe: Taurin 1500mg, Vitamin E 20mg, Kupfer (Kupfer(II)-sulfat-Pentahydrat) 1mg, Jod (Calciumjodat, wasserfrei) 0,75mg, Mangan (Mangan(II)-sulfat, Monohydrat) 1,4mg, Zink (Zinksulfat, Monohydrat) 25mg.",
  "instock": true,
  "retail_limit": "10x"
},
{
  "_id": {
    "$oid": "66bef411a9267700a3bd0213"
  },
  "unique_id": 1248541,
  "competitor_name": "fressnapf",
  "product_name": "REAL NATURE WILDERNESS Adult 16x100g Wildschwein mit Hirsch",
  "brand": "REAL NATURE",
  "regular_price": 30.24,
  "selling_price": 30.24,
  "price_per_unit": "€18.90/kg",
  "currency": "EUR",
  "breadcrumb": "Heimat > Hund > Hundefutter > Hundenassfutter > REAL NATURE WILDERNESS Adult 16x100g Wildschwein mit Hirsch",
  "pdp_url": "https://www.fressnapf.at/p/real-nature-wilderness-adult-16x100g-wildschwein-mit-hirsch-1248541/",
  "product_description": "REAL NATURE\nArt.Nr.: 1248541\nREAL NATURE orientiert sich an der Ernährung des Wolfes und ermöglicht Ihrem Tier, sich so artgerecht wie möglich zu ernähren.\nREAL NATURE Wilderness Nassnahrung - Vielfalt wie in freier Wildbahn.\nDie Nassnahrung überzeugt durch abwechslungsreiche Rezepturen mit sehr hohem Fleischanteil. Das Fleisch ist schonend im Saft gegart. Extra große Stücke entsprechen den ursprünglichen Bedürfnissen des Hundes. Zusammen mit Obst, Gemüse und Kräutern bieten sie eine getreidefreie, artgerechte Ernährung.\nDie Pure Protein Sorten beinhalten zudem nur eine tierische Proteinquelle pro Rezeptur, für besonders hohe Verträglichkeit.\nDie Vorteile im Überblick:\nMit einem sehr hohen Fleischanteil\nBeinhaltet Gemüse, Kräuter & wertvolle Zutaten\nGetreidefreie Rezeptur\nLachsöl mit wertvollen Omega-3-Fettsäuren\nKräuter und Meeresalgen liefern wichtige Phytonährstoffe\nohne Zusatz von künstlichen Konservierungsmitteln, Farb- und Aromastoffen\nnatürlich1\n1in den eingesetzen Rohstoffen\nMöchtest du mehr über die Produkte von REAL NATURE für Hunde erfahren? Tauche\nhier\nin die Welt der Produktvielfalt von REAL NATURE ein!\nAlleinfuttermittel für Hunde. Weitere Informationen erhalten Sie hier: info@fressnapf.com\nMehr Produktinfos\nInverkehrbringer\nMultiFit Tiernahrungs GmbH, Westpreußenstr. 32-38, 47809 Krefeld",
  "rating": 4.68,
  "review": 97,
  "distributor_address": "MultiFit Tiernahrungs GmbH, Westpreußenstr. 32-38, 47809 Krefeld",
  "ingredients": "Analytische Bestandteile Protein 10,5%, Fettgehalt 6,5%, Rohasche 2,5%, Rohfaser0,4%, Calcium 0,3%, Phosphor 0,26%. Feuchtigkeit 78%. Zusammensetzung 45% Wildschwein, 25% Hirsch (aus 12% Fleisch, Herzen, Lungen, Lebern), 25% Wildbrühe, 3,3% Äpfel, 1% Mineralstoffe, 0,3% Lachsöl, 0,2% Löwenzahn, 0,1% Schafgarbe, 0,1% Brennesseln Feuchtegehalt 74% Zusatzstoffe pro kg Ernährungsphysiologische Zusatzstoffe: Vitamin D3 200 IE, Kupfer (3b405) 0,5mg,Mangan (3b503) 1,4mg, Zink (3b605) 25mg.",
  "instock": true,
  "retail_limit": "10x"
},
{
  "_id": {
    "$oid": "66bef411a9267700a3bd0214"
  },
  "unique_id": 1244871,
  "competitor_name": "fressnapf",
  "product_name": "PREMIERE Meati Mixpaket 6x800g Mixpaket 2",
  "brand": "PREMIERE",
  "regular_price": 17.29,
  "selling_price": 17.29,
  "price_per_unit": "€3.60/kg",
  "currency": "EUR",
  "breadcrumb": "Heimat > Hund > Hundefutter > Hundenassfutter > PREMIERE Meati Mixpaket 6x800g Mixpaket 2",
  "pdp_url": "https://www.fressnapf.at/p/premiere-meati-mixpaket-6x800g-mixpaket-2-1244871/",
  "product_description": "PREMIERE\nArt.Nr.: 1244871\nFür unsere Fleischliebhaber: PREMIERE Meat Menu ist ein Alleinfuttermittel für ausgewachsene Katzen mit 100% Frischfleisch im Fleischanteil.\nPREMIERE Meati – der pure Fleischgenuss! Ein ausgewogenes Nassfutter mit purem Fleischgenuss für ausgewachsene Hunde. Die hochwertigen Zutaten und eine schonende Verarbeitung garantieren eine ausgezeichnete Verträglichkeit.\n71% Fleisch und Innereien:\nDer hohe Fleischanteil und die saftigen, natürlichen Fleischstücke in PREMIERE Meati machen dieses Produkt so besonders und schmackhaft.\nAbwehrkräfte:\nDie im Leinöl enthaltenen mehrfach ungesättigten Omega-3-Fettsäuren können die körpereigenen Abwehrkräfte unterstützen und zum Zellschutz beitragen.\noptimale Verdauung:\nDurch die in den Rübenfasern enthaltenen Ballaststoffe wird eine optimale Verdauung gefördert.\nDie Mixpakete setzen sich aus folgenden Sorten zusammen:\nMixpaket I: 2 x Hühnerherzen, 1 x Rind, 1 x Kalb; 1 x Lamm, 1 x Pansen\nMixpaket II: 2 x Hühnerherzen, 2 x Kalb; 2 x Lamm\nMixpaket III: 2 x Hühnerherzen, 2 x Rind, 2 x Rentier\nMixpaket IV: 2x Entenherzen, 2 x Rentier, 1 x Wildschwein, 1 x Wildvariationen\n*Schmeckt nicht? Mit unserer\nQualitätsgarantie\nbekommst du dein Geld zurück und suchst dir einfach ein anderes Futter aus.\nAlleinfuttermittel für Hunde, weitere Informationen erhalten Sie hier: info@fressnapf.com\nFütterungsempfehlung\nGewicht des Tieres\nFuttermenge pro Tag\n10 kg\n450 g\n15 kg\n610 g\n20 kg\n760 g\n25 kg\n900 g\n30 kg\n1030 g\n35 kg\n1160 g\n40 kg\n1280 g\n45 kg\n1400 g\n50 kg\n1510 g\n60 kg\n1730 g\n70 kg\n1940 g\n80 kg\n2200 g\nInhaltsstoffe\nAnalytische Bestandteile\nHühnerherzen: Protein 10,8%, Fettgehalt 6,9%, Rohasche 2,4%, Rohfaser 0,6%, Feuchtigkeit 77%, Calcium 0,23%, Phosphor 0,17%, Omega-3-Fettsäuren 0,15%.\nKalb: Protein 11%, Fettgehalt, 7,1%, Rohasche, 2,4%, Rohfaser 0,6%, Calcium 0,21%, Phosphor 0,16%, Omega-3-Fettsäuren 0,15%.\nLamm: Protein 10,6%, Fettgehalt 7%, Rohasche 2,2%, Rohfaser 0,6%,Calcium 0,21%, Phosphor 0,15%, Omega-3-Fettsäuren 0,15%.\nZusammensetzung\nHühnerherzen: 71% Fleisch und tierische Nebenerzeugnisse (davon 15% ganze Hühnerherzen), Mineralstoffe, Öle und Fette (0,2% Leinöl),\npflanzliche Nebenerzeugnisse (0,2% Rübenfasern). Anteil Muskelfleisch 15%. Kalb: 71% Fleisch und tierische Nebenerzeugnisse (davon 10% Kalbsherzen, 10% Kalbslungen, 10% Kalbspansen), Mineralstoffe, Öle und Fette (0,2% Leinöl), pflanzliche Nebenerzeugnisse (0,2% Rübenfasern). Anteil Muskelfleisch 15% Lamm: 71% Fleisch und tierische Nebenerzeugnisse (davon 13% Lammherzen, 12% Lammlungen, 5% Lammpansen), Mineralstoffe, Öle und Fette (0,2% Leinöl), pflanzliche Nebenerzeugnisse (0,2% Rübenfasern). Anteil Muskelfleisch 15%.\nFeuchtegehalt\nHuhn: 77% Kalb & Lamm: 76%\nZusatzstoffe pro kg\nHühnerherzen: Ernährungsphysiologische\nZusatzstoffe: Vitamin D3 200 IE, Jod (Kalziumjodat, wasserfrei) 0,75mg, Mangan (Mangan(\nII)-sulfat, Monohydrat) 1,4mg, Zink (Zinksulfat,\nMonohydrat) 25mg, Biotin 300mcg. Kalb: Ernährungsphysiologische Zusatzstoffe: Vitamin D3 200 IE, Jod (Kalziumjodat, wasserfrei) 0,75mg, Mangan (Mangan(II)-sulfat, Monohydrat) 1,4mg, Zink (Zinksulfat, Monohydrat) 25mg, Biotin 300mcg. Lamm: Ernährungsphysiologische Zusatzstoffe: Vitamin D3 200 IE, Jod (Kalziumjodat, wasserfrei) 0,75mg, Mangan (Mangan(II)-sulfat, Monohydrat) 1,4mg, Zink (Zinksulfat, Monohydrat) 25mg, Biotin 300mcg.\nVersandinformationen\nLieferungen erfolgen ab einem Mindestbestellwert von € 19,00 inkl. Mehrwertsteuer nach Abzug von Rabatten.\nWelche Versandkosten fallen für meine Bestellung an?\nWir berechnen € 2,99 bis zu einem Bestellwert von 29,00 €  – unabhängig von der Anzahl der Artikel und der Versandart.\nLieferungen ab 29,00 € werden mit 0,99 € Versandkosten pro Bestellung berechnet. Bei Bestellungen die ein Gesamtgewicht von 31 kg überschreiten, werden je nach Gewicht zwei oder mehrere Pakete versendet (Maximalgewicht pro Paket 31 kg). Für den erhöhten Versandaufwand berechnen wir einmalig zusätzliche Versandkosten in Höhe von 2,99 € pro Bestellung.\nLieferungen sind grundsätzlich nur innerhalb Österreichs möglich.\nDie Lieferzeit beträgt 1-3 Werktage bei Bestellungen bis 16 Uhr.\nKundenbewertungen und -rezensionen verstehen\nProduktbewertungen\nWie funktionieren Bewertungen in der Fressnapf-Gruppe (einschließlich Maxi Zoo)?\nKundenmeinungen in Form von Produkt- und Sternebewertungen sind dienlich für alle Kunden. Sie ermöglichen mehr über das Produkt zu erfahren und helfen bei Kaufentscheidung. Jeder Kunde, der ein Produkt Online oder im Markt erworben hat, kann eine Bewertung abgeben. Wir beziehen zudem Bewertungen aus Dritt-Quellen, z.B. von Hersteller-Seiten. Die Bewertungsherkunft wird an den jeweiligen Rezension ausgewiesen. Für Fressnapf ist das Meinungsbild seiner Kunden wichtig, um Schwachstellen zu analysieren und die Produktqualität zu verbessern. Alle Bewertungen werden durch unseren Dienstleister Bazaarvoice auf Vertrauenswürdigkeit geprüft. Bewertungsinhalte, die gegen die Nutzungsbedingungen der Fressnapf-Gruppe verstoßen, werden abgelehnt. Sonst erfolgt die Veröffentlichung von positiven wie auch negativen Produktbewertungen.\nHier mehr Informationen rund um Produktbewertungen\n.\nWeitere Informationen zur Verarbeitung Ihrer personenbezogenen Daten entnehmen Sie bitte unseren\nDatenschutzhinweisen\n.",
  "rating": 4.54,
  "review": 412,
  "ingredients": "Analytische Bestandteile Hühnerherzen: Protein 10,8%, Fettgehalt 6,9%, Rohasche 2,4%, Rohfaser 0,6%, Feuchtigkeit 77%, Calcium 0,23%, Phosphor 0,17%, Omega-3-Fettsäuren 0,15%. Kalb: Protein 11%, Fettgehalt, 7,1%, Rohasche, 2,4%, Rohfaser 0,6%, Calcium 0,21%, Phosphor 0,16%, Omega-3-Fettsäuren 0,15%. Lamm: Protein 10,6%, Fettgehalt 7%, Rohasche 2,2%, Rohfaser 0,6%,Calcium 0,21%, Phosphor 0,15%, Omega-3-Fettsäuren 0,15%. Zusammensetzung Hühnerherzen: 71% Fleisch und tierische Nebenerzeugnisse (davon 15% ganze Hühnerherzen), Mineralstoffe, Öle und Fette (0,2% Leinöl), pflanzliche Nebenerzeugnisse (0,2% Rübenfasern). Anteil Muskelfleisch 15%. Kalb: 71% Fleisch und tierische Nebenerzeugnisse (davon 10% Kalbsherzen, 10% Kalbslungen, 10% Kalbspansen), Mineralstoffe, Öle und Fette (0,2% Leinöl), pflanzliche Nebenerzeugnisse (0,2% Rübenfasern). Anteil Muskelfleisch 15% Lamm: 71% Fleisch und tierische Nebenerzeugnisse (davon 13% Lammherzen, 12% Lammlungen, 5% Lammpansen), Mineralstoffe, Öle und Fette (0,2% Leinöl), pflanzliche Nebenerzeugnisse (0,2% Rübenfasern). Anteil Muskelfleisch 15%. Feuchtegehalt Huhn: 77% Kalb & Lamm: 76% Zusatzstoffe pro kg Hühnerherzen: Ernährungsphysiologische Zusatzstoffe: Vitamin D3 200 IE, Jod (Kalziumjodat, wasserfrei) 0,75mg, Mangan (Mangan( II)-sulfat, Monohydrat) 1,4mg, Zink (Zinksulfat, Monohydrat) 25mg, Biotin 300mcg. Kalb: Ernährungsphysiologische Zusatzstoffe: Vitamin D3 200 IE, Jod (Kalziumjodat, wasserfrei) 0,75mg, Mangan (Mangan(II)-sulfat, Monohydrat) 1,4mg, Zink (Zinksulfat, Monohydrat) 25mg, Biotin 300mcg. Lamm: Ernährungsphysiologische Zusatzstoffe: Vitamin D3 200 IE, Jod (Kalziumjodat, wasserfrei) 0,75mg, Mangan (Mangan(II)-sulfat, Monohydrat) 1,4mg, Zink (Zinksulfat, Monohydrat) 25mg, Biotin 300mcg.",
  "instock": true,
  "retail_limit": "10x"
},
{
  "_id": {
    "$oid": "66bef411a9267700a3bd0215"
  },
  "unique_id": 1248542,
  "competitor_name": "fressnapf",
  "product_name": "REAL NATURE WILDERNESS Adult 16x100g Pure Turkey",
  "brand": "REAL NATURE",
  "regular_price": 30.24,
  "selling_price": 30.24,
  "price_per_unit": "€18.90/kg",
  "currency": "EUR",
  "breadcrumb": "Heimat > Hund > Hundefutter > Hundenassfutter > REAL NATURE WILDERNESS Adult 16x100g Pure Turkey",
  "pdp_url": "https://www.fressnapf.at/p/real-nature-wilderness-adult-16x100g-pure-turkey-1248542/",
  "product_description": "REAL NATURE\nArt.Nr.: 1248542\nREAL NATURE orientiert sich an der Ernährung des Wolfes und ermöglicht Ihrem Tier, sich so artgerecht wie möglich zu ernähren.\nREAL NATURE Wilderness Nassnahrung - Vielfalt wie in freier Wildbahn.\nDie Nassnahrung überzeugt durch abwechslungsreiche Rezepturen mit sehr hohem Fleischanteil. Das Fleisch ist schonend im Saft gegart. Extra große Stücke entsprechen den ursprünglichen Bedürfnissen des Hundes. Zusammen mit Obst, Gemüse und Kräutern bieten sie eine getreidefreie, artgerechte Ernährung.\nDie Pure Protein Sorten beinhalten zudem nur eine tierische Proteinquelle pro Rezeptur, für besonders hohe Verträglichkeit.\nDie Vorteile im Überblick:\nMit einem sehr hohen Fleischanteil\nBeinhaltet Gemüse, Kräuter & wertvolle Zutaten\nGetreidefreie Rezeptur\nLachsöl mit wertvollen Omega-3-Fettsäuren\nKräuter und Meeresalgen liefern wichtige Phytonährstoffe\nohne Zusatz von künstlichen Konservierungsmitteln, Farb- und Aromastoffen\nnatürlich1\n1in den eingesetzen Rohstoffen\nMöchtest du mehr über die Produkte von REAL NATURE für Hunde erfahren? Tauche\nhier\nin die Welt der Produktvielfalt von REAL NATURE ein!\nAlleinfuttermittel für Hunde. Weitere Informationen erhalten Sie hier: info@fressnapf.com\nMehr Produktinfos\nInverkehrbringer\nMultiFit Tiernahrungs GmbH, Westpreußenstr. 32-38, 47809 Krefeld",
  "rating": 4.68,
  "review": 97,
  "distributor_address": "MultiFit Tiernahrungs GmbH, Westpreußenstr. 32-38, 47809 Krefeld",
  "ingredients": "Analytische Bestandteile Protein 10,8%, Fettgehalt 5,1%, Rohasche 2,4%, Rohfaser 0,4%, Calcium0,22%, Phosphor 0,2%. Feuchtigkeit 80%. Zusammensetzung 70% Pute (aus Herzen, Leberm, Mägen, 14% Fleisch, Hälsen), 25% Putenbrühe, 1,8% Süßkartoffeln, 1,5% Kürbis, 1% Mineralstoffe, 0,3% Lachsöl, 0,2% Löwenzahn, 0,1% Schafgarbe, 0,1% Brennnesseln. Feuchtegehalt 74% Zusatzstoffe pro kg ErnährungsphysiologischeZusatzstoffe: Vitamin D3 200 IE, Kupfer (3b405) 1mg, Jod (3b202)0,75mg, Mangan (3b503) 1,4mg, Zink (3b605) 25mg",
  "instock": true,
  "retail_limit": "10x"
},
{
  "_id": {
    "$oid": "66bef411a9267700a3bd0216"
  },
  "unique_id": 1256111,
  "competitor_name": "fressnapf",
  "product_name": "animonda Integra Protect Nieren 6x400g Huhn",
  "brand": "animonda",
  "regular_price": 13.49,
  "selling_price": 13.49,
  "price_per_unit": "€5.62/kg",
  "currency": "EUR",
  "breadcrumb": "Heimat > Tiergesundheit > Tiergesundheit für Hunde > Nierendiät > animonda Integra Protect Nieren 6x400g Huhn",
  "pdp_url": "https://www.fressnapf.at/p/animonda-integra-protect-nieren-6x400g-huhn-1256111/",
  "product_description": "animonda\nArt.Nr.: 1256111\nINTEGRA PROTECT Nieren wurde speziell für Hunde mit chronischer Niereninsuffizienz entwickelt.\nDie deutlich geringere Zufuhr von Eiweißen verringert die auszuscheidene Menge an Eiweißabbauprodukten. Die gleichzeitige Reduzierung des Phosphorgehaltes verzögert den fortschreitenden Verlust der Nierenfunktion. Dadurch verbessert sich das Befindendes Hundes nachhaltig und die Lebenserwartung kann verlängert werden.\nEine besonders gute Akzeptanz und leichte Verdaulichkeit zeichnen diese Futter­zubereitung aus.\nMULTIFUNKTIONAL:\nGleichzeitig enthält diese Diätnahrung kein Getreide und ist somit für Hunde mit einer Getreideunverträglichkeit geeignet.\nDie Vorteile im Überblick:\nspezielles Futter bei unzureichender Nierenleistung\nreduzierter Gehalt an Eiweiß und an Phosphor\nhochwertige Proteine\nhoher Energiegehalt\ngute Akzeptanz\nGetreidefrei\nDiätalleinfuttermittel für Hunde zur Unterstützung der Nierenfunktion bei chronischer Niereninsuffizenz, weitere Informationen erhalten Sie hier: info@animonda.de\nDie Fütterung eines veterinärmedizinischen Diätfutters darf nur nach Rücksprache mit einem Tierarzt erfolgen. Während der Fütterung eines veterinärmedizinischen Diätfutters sollte mindestens alle 6 Monate ein Tierarzt zur Kontrolle aufgesucht werden. Wenn sich der Zustand des Haustieres während der Fütterung verschlechtern sollte, ist unverzüglich tierärztlicher Rat einzuholen. Mit dem Auswählen und Einlegen des ausgewählten Diätfutters in den Warenkorb bestätigst Du, dass Du die oben genannten Hinweise gelesen und verstanden hast.",
  "rating": 4.53,
  "review": 77,
  "ingredients": "Analytische Bestandteile Protein 4 %, Fettgehalt 11 %, Rohfaser 0,8 %, Rohasche 1,5 %, Calcium 0,15 %, Phosphor 0,1 %, Natrium 0,16 %, Kalium 0,26 %, Linolsäure 2 % Zusammensetzung Fleisch und tierische Nebenerzeugnisse (25 % Huhn, Schwein), Gemüse (Kartoffeln), pflanzliche Nebenerzeugnisse, Öle und Fette (Rapsöl), Mineralstoffe. Proteinquellen: Huhn, Schwein Feuchtegehalt 80% Zusatzstoffe pro kg Vitamin A 2000 I.E., Vitamin D3 200 I.E., 0,75 mg 3b202, 3 mg E 5, 15 mg 3b605",
  "instock": true,
  "retail_limit": "10x"
},
{
  "_id": {
    "$oid": "66bef411a9267700a3bd0217"
  },
  "unique_id": 1248545,
  "competitor_name": "fressnapf",
  "product_name": "REAL NATURE WILDERNESS Adult 16x100g Huhn & Lachs",
  "brand": "REAL NATURE",
  "regular_price": 30.24,
  "selling_price": 30.24,
  "price_per_unit": "€18.90/kg",
  "currency": "EUR",
  "breadcrumb": "Heimat > Hund > Hundefutter > Hundenassfutter > REAL NATURE WILDERNESS Adult 16x100g Huhn & Lachs",
  "pdp_url": "https://www.fressnapf.at/p/real-nature-wilderness-adult-16x100g-huhn--lachs-1248545/",
  "product_description": "REAL NATURE\nArt.Nr.: 1248545\nREAL NATURE orientiert sich an der Ernährung des Wolfes und ermöglicht Ihrem Tier, sich so artgerecht wie möglich zu ernähren.\nREAL NATURE Wilderness Nassnahrung - Vielfalt wie in freier Wildbahn.\nDie Nassnahrung überzeugt durch abwechslungsreiche Rezepturen mit sehr hohem Fleischanteil. Das Fleisch ist schonend im Saft gegart. Extra große Stücke entsprechen den ursprünglichen Bedürfnissen des Hundes. Zusammen mit Obst, Gemüse und Kräutern bieten sie eine getreidefreie, artgerechte Ernährung.\nDie Pure Protein Sorten beinhalten zudem nur eine tierische Proteinquelle pro Rezeptur, für besonders hohe Verträglichkeit.\nDie Vorteile im Überblick:\nMit einem sehr hohen Fleischanteil\nBeinhaltet Gemüse, Kräuter & wertvolle Zutaten\nGetreidefreie Rezeptur\nLachsöl mit wertvollen Omega-3-Fettsäuren\nKräuter und Meeresalgen liefern wichtige Phytonährstoffe\nohne Zusatz von künstlichen Konservierungsmitteln, Farb- und Aromastoffen\nnatürlich1\n1in den eingesetzen Rohstoffen\nMöchtest du mehr über die Produkte von REAL NATURE für Hunde erfahren? Tauche\nhier\nin die Welt der Produktvielfalt von REAL NATURE ein!\nAlleinfuttermittel für Hunde. Weitere Informationen erhalten Sie hier: info@fressnapf.com\nMehr Produktinfos\nInverkehrbringer\nMultiFit Tiernahrungs GmbH, Westpreußenstr. 32-38, 47809 Krefeld",
  "rating": 4.68,
  "review": 97,
  "distributor_address": "MultiFit Tiernahrungs GmbH, Westpreußenstr. 32-38, 47809 Krefeld",
  "ingredients": "Analytische Bestandteile Protein 10,2%, Fettgehalt 5,1%, Rohasche2,2%, Rohfaser 0,4%, Calcium 0,24%, Phosphor 0,22%. Feuchtigkeit 80%. Zusammensetzung 35% Huhn (aus Herzen, 12% Fleisch, Mägen, Leberm, Hälsen, Fett), 35% Lachs, 25% Hühnerbrühe, 3,2% Cranberries, 1% Mineralstoffe, 0,3% Lachsöl, 0,2% Bockshornklee, 0,1% Petersilienwurzel, 0,1% Sauerampfer, 0,1% Spirulina Feuchtegehalt 74% Zusatzstoffe pro kg Ernährungsphysiologische Zusatzstoffe: Kupfer (3b405)1mg, Jod (3b202) 0,75mg, Mangan (3b503) 1,4mg, Zink (3b605) 25mg.",
  "instock": true,
  "retail_limit": "10x"
},
{
  "_id": {
    "$oid": "66bef411a9267700a3bd0218"
  },
  "unique_id": 1248543,
  "competitor_name": "fressnapf",
  "product_name": "REAL NATURE WILDERNESS Adult 16x100g Rind mit Känguru",
  "brand": "REAL NATURE",
  "regular_price": 30.24,
  "selling_price": 30.24,
  "price_per_unit": "€18.90/kg",
  "currency": "EUR",
  "breadcrumb": "Heimat > Hund > Hundefutter > Hundenassfutter > REAL NATURE WILDERNESS Adult 16x100g Rind mit Känguru",
  "pdp_url": "https://www.fressnapf.at/p/real-nature-wilderness-adult-16x100g-rind-mit-kaenguru-1248543/",
  "product_description": "REAL NATURE\nArt.Nr.: 1248543\nREAL NATURE orientiert sich an der Ernährung des Wolfes und ermöglicht Ihrem Tier, sich so artgerecht wie möglich zu ernähren.\nREAL NATURE Wilderness Nassnahrung - Vielfalt wie in freier Wildbahn.\nDie Nassnahrung überzeugt durch abwechslungsreiche Rezepturen mit sehr hohem Fleischanteil. Das Fleisch ist schonend im Saft gegart. Extra große Stücke entsprechen den ursprünglichen Bedürfnissen des Hundes. Zusammen mit Obst, Gemüse und Kräutern bieten sie eine getreidefreie, artgerechte Ernährung.\nDie Pure Protein Sorten beinhalten zudem nur eine tierische Proteinquelle pro Rezeptur, für besonders hohe Verträglichkeit.\nDie Vorteile im Überblick:\nMit einem sehr hohen Fleischanteil\nBeinhaltet Gemüse, Kräuter & wertvolle Zutaten\nGetreidefreie Rezeptur\nLachsöl mit wertvollen Omega-3-Fettsäuren\nKräuter und Meeresalgen liefern wichtige Phytonährstoffe\nohne Zusatz von künstlichen Konservierungsmitteln, Farb- und Aromastoffen\nnatürlich1\n1in den eingesetzen Rohstoffen\nMöchtest du mehr über die Produkte von REAL NATURE für Hunde erfahren? Tauche\nhier\nin die Welt der Produktvielfalt von REAL NATURE ein!\nAlleinfuttermittel für Hunde. Weitere Informationen erhalten Sie hier: info@fressnapf.com\nMehr Produktinfos\nInverkehrbringer\nMultiFit Tiernahrungs GmbH, Westpreußenstr. 32-38, 47809 Krefeld",
  "rating": 4.68,
  "review": 97,
  "distributor_address": "MultiFit Tiernahrungs GmbH, Westpreußenstr. 32-38, 47809 Krefeld",
  "ingredients": "Analytische Bestandteile Protein 10,6%, Fettgehalt 8%,Rohasche 2,5%, Rohfaser 0,4%, Calcium 0,23%, Phosphor 0,21%. Feuchtigkeit75% Zusammensetzung 50% Rind (aus Herzen, 12% Fleisch, Lungen, Lebern, Pansen), 25% Rinderbrühe, 20% Känguru, 3,3% Aprikosen, 1% Mineralstoffe, 0,3% Lachsöl, 0,2% Löwenzahn, 0,1% Schafgarbe, 0,1% Brennesseln) Feuchtegehalt 74% Zusatzstoffe pro kg Ernährungsphysiologische Zusatzstoffe: Vitamin D3200 IE, Mangan (3b503) 1,4mg, Zink (3b605) 25mg",
  "instock": true,
  "retail_limit": "10x"
},
{
  "_id": {
    "$oid": "66bef411a9267700a3bd0219"
  },
  "unique_id": 1248540,
  "competitor_name": "fressnapf",
  "product_name": "REAL NATURE WILDERNESS Adult 16x100g Pure Horse Pferd",
  "brand": "REAL NATURE",
  "regular_price": 30.24,
  "selling_price": 30.24,
  "price_per_unit": "€18.90/kg",
  "currency": "EUR",
  "breadcrumb": "Heimat > Hund > Hundefutter > Hundenassfutter > REAL NATURE WILDERNESS Adult 16x100g Pure Horse Pferd",
  "pdp_url": "https://www.fressnapf.at/p/real-nature-wilderness-adult-16x100g-pure-horse-pferd-1248540/",
  "product_description": "REAL NATURE\nArt.Nr.: 1248540\nREAL NATURE orientiert sich an der Ernährung des Wolfes und ermöglicht Ihrem Tier, sich so artgerecht wie möglich zu ernähren.\nREAL NATURE Wilderness Nassnahrung - Vielfalt wie in freier Wildbahn.\nDie Nassnahrung überzeugt durch abwechslungsreiche Rezepturen mit sehr hohem Fleischanteil. Das Fleisch ist schonend im Saft gegart. Extra große Stücke entsprechen den ursprünglichen Bedürfnissen des Hundes. Zusammen mit Obst, Gemüse und Kräutern bieten sie eine getreidefreie, artgerechte Ernährung.\nDie Pure Protein Sorten beinhalten zudem nur eine tierische Proteinquelle pro Rezeptur, für besonders hohe Verträglichkeit.\nDie Vorteile im Überblick:\nMit einem sehr hohen Fleischanteil\nBeinhaltet Gemüse, Kräuter & wertvolle Zutaten\nGetreidefreie Rezeptur\nLachsöl mit wertvollen Omega-3-Fettsäuren\nKräuter und Meeresalgen liefern wichtige Phytonährstoffe\nohne Zusatz von künstlichen Konservierungsmitteln, Farb- und Aromastoffen\nnatürlich1\n1in den eingesetzen Rohstoffen\nMöchtest du mehr über die Produkte von REAL NATURE für Hunde erfahren? Tauche\nhier\nin die Welt der Produktvielfalt von REAL NATURE ein!\nAlleinfuttermittel für Hunde. Weitere Informationen erhalten Sie hier: info@fressnapf.com\nMehr Produktinfos\nInverkehrbringer\nMultiFit Tiernahrungs GmbH, Westpreußenstr. 32-38, 47809 Krefeld",
  "rating": 4.68,
  "review": 97,
  "distributor_address": "MultiFit Tiernahrungs GmbH, Westpreußenstr. 32-38, 47809 Krefeld",
  "ingredients": "Analytische Bestandteile Protein 10%, Fettgehalt 8,6%,Rohasche 2%, Rohfaser 0,4%, Calcium 0,2%, Phosphor 0,16%. Feuchtigkeit78%. Zusammensetzung 70% Pferd (aus Fleisch), 25% Pferdebrühe, 2% Pastinake, 1,3% Mangold, 1% Mineralstoffe, 0,3% Lachsöl, 0,2% Löwenzahn, 0,1% Schafgarbe, 0,1% Brennesseln. Feuchtegehalt 74% Zusatzstoffe pro kg Ernährungsphysiologische Zusatzstoffe: Vitamin A3000 IE, Vitamin D3 200 IE, Kupfer (3b405) 2mg, Jod (3b202) 0,75mg,Mangan (3b503) 1,4mg, Zink (3b605) 25mg.",
  "instock": true,
  "retail_limit": "10x"
},
{
  "_id": {
    "$oid": "66bef411a9267700a3bd021a"
  },
  "unique_id": 1255995,
  "competitor_name": "fressnapf",
  "product_name": "MultiFit Soft Trainies Medium 500 g",
  "brand": "MultiFit",
  "regular_price": 5.49,
  "selling_price": 5.49,
  "price_per_unit": "€10.98/kg",
  "currency": "EUR",
  "breadcrumb": "Heimat > Hund > Hundefutter > Snacks > MultiFit Soft Trainies Medium 500 g",
  "pdp_url": "https://www.fressnapf.at/p/multifit-soft-trainies-medium-500-g-1255995/",
  "variants": "{'variant': ['Maxi', 'Mini']}",
  "product_description": "MultiFit\nArt.Nr.: 1255995\nDie leckeren Snacks in unterschiedlichen Formen und verschiedenen Sorten sind extra soft. Die Maxi-Größe ist ideal für große Hunde als Belohnung, im täglichen Training oder einfach für zwischendurch.\nErgänzungsfuttermittel für ausgewachsene Hunde und Welpen ab 10 Wochen, weitere Informationen erhalten Sie hier: info@fressnapf.com\nErgänzungsfuttermittel für ausgewachsene Hunde und Welpen ab 10 Wochen.\nInverkehrbringer\nMultiFit Tiernahrungs GmbH, Westpreußenstr. 32-38, 47809 Krefeld",
  "rating": 4.66,
  "review": 345,
  "distributor_address": "MultiFit Tiernahrungs GmbH, Westpreußenstr. 32-38, 47809 Krefeld",
  "ingredients": "Analytische Bestandteile Protein 11,7%, Fettgehalt 5,9%, Rohfaser 1%, Rohasche 2% Zusammensetzung Getreide, Fleisch und tierische Nebenerzeugnisse, Glycerin, Öle und Fette (u. a. 2,76% Rapsöl), Propylenglycol Feuchtegehalt 18% Zusatzstoffe pro kg Ernährungsphysiologische Zusatzstoffe: Eisen (Eisen(III)-oxid) 1200mg",
  "instock": true,
  "retail_limit": "10x"
},
{
  "_id": {
    "$oid": "66bef411a9267700a3bd021b"
  },
  "unique_id": 1244767,
  "competitor_name": "fressnapf",
  "product_name": "SELECT GOLD Sensitive Adult Mixpaket 6x800g Mixpaket 1",
  "brand": "SELECT GOLD",
  "regular_price": 23.89,
  "selling_price": 23.89,
  "price_per_unit": "€4.98/kg",
  "currency": "EUR",
  "breadcrumb": "Heimat > Hund > Hundefutter > Hundenassfutter > SELECT GOLD Sensitive Adult Mixpaket 6x800g Mixpaket 1",
  "pdp_url": "https://www.fressnapf.at/p/select-gold-sensitive-adult-mixpaket-6x800g-mixpaket-1-1244767/",
  "product_description": "SELECT GOLD\nArt.Nr.: 1244767\nMixpaket mit verschiedenen Sorten - ideal zum probieren und für mehr Abwechslung!\nSELECT GOLD Sensitive Nassnahrung ist die Lösung für Hunde, die zu Futtermittelunverträglichkeiten oder sensibler Verdauung neigen.\nDie hochwertigen Rezepturen zeichnen sich durch wenige, sehr gut verträgliche Zutaten aus und sind zusätzlich abgestimmt auf die jeweilige Lebensphase.\nDie Mixpakete setzen sich aus folgenden Sorten zusammen:\nMixpaket 1:\n2 x Rind & Reis, 800g\n2 x Huhn & Reis, 800g\n2 x Lamm & Reis, 800g\nMixpaket 2:\n2 x Hisch & Kartoffel, 800g\n2 x Ente & Kartoffel, 800g\n1 x Lamm & Kartoffel, 800g\n1 x Lamm mit Lachs & Kartoffel, 800g\nDie Vorteile im Überblick:\nJede Rezeptur enthält jeweils nur eine hochwertige tierische Proteinquelle (Single Protein) – besonders geeignet für ernährungssensible Hunde.\nDie Rezeptur enthält nur eine sehr gut verträgliche Kohlenhydratquelle: Kartoffel.\nHoher Anteil tierischer Proteine mit bis zu 68%.\nbei Hirsch: Getreide- und glutenfreie Rezeptur.\nbei Huhn, Rind & Lamm: Weizen- und glutenfreie Rezeptur\nPrebiotisch wirkende Fructo-Oligosaccharide (FOS) unterstützen den Aufbau und Erhalt einer stabilen Darmflora.\nOptimale Nährstoffversorgung durch erlesene Zutaten.\nNatürliche Omega-3- und Omega-6-Fettsäuren aus Sonnenblumenöl und Rapsöl sowie Biotin könnenzu intakter Haut und schönem Fell beitragen.\nMöchtest du mehr über die Produkte von SELECT GOLD für Hunde erfahren? Tauche\nhier\nin die Welt der Produktvielfalt von SELECT GOLD ein!-\nAlleinfuttermittel für Ihren Hund, weitere Informationen erhalten Sie hier: info@fressnapf.com\nMehr Produktinfos\nInverkehrbringer\nMultiFit Tiernahrungs GmbH, Westpreußenstr. 32-38, 47809 Krefeld",
  "rating": 4.62,
  "review": 91,
  "distributor_address": "MultiFit Tiernahrungs GmbH, Westpreußenstr. 32-38, 47809 Krefeld",
  "ingredients": "Analytische Bestandteile Rind & Reis: 11,1% Protein, 7,2% Fettgehalt, 2,2% Rohasche, 0,5% Rohfaser, 0,21% Calcium, 0,16% Phosphor Huhn & Reis: 10,6% Protein, 5,5% Fettgehalt, 2,3% Rohasche, 0,6% Rohfaser, 0,23% Calcium, 0,18% Phosphor Lamm & Reis: 11,3% Protein, 7,3% Fettgehalt, 2,1% Rohasche, 0,5% Rohfaser, 0,19% Calcium, 0,15% Phosphor Zusammensetzung Rind & Reis: 68% Rind (aus Herzen, Fleisch, Lungen, Lebern), 27,5% Trinkwasser, 3% Reis, 1% Mineralstoffe, 0,2% Sonnenblumenöl, 0,2% Fructo-Oligosaccharide, 0,1% Rapsöl Huhn & Reis: 68% Huhn (aus Herzen, Fleisch, Mägen, Lebern, Hälsen, Fett), 27,5% Trinkwasser, 3% Reis, 0,2% Sonnenblumenöl, 0,2% Fructo-Oligosaccharide, 0,1% Rapsöl Lamm & Reis: 68% Lamm (aus Herzen, Fleisch, Lebern, Lungen), 27,5% Trinkwasser, 3% Reis, 1% Mineralstoffe, 0,2% Sonnenblumenöl, 0,2% Fructo-Oligosaccharide, 0,1% Rapsöl Feuchtegehalt Rind  Reis: 75% Huhn  Reis: 77% Lamm  Reis: 75% Zusatzstoffe pro kg Rind & Reis: Ernährungsphysiologische Zusatzstoffe: 200 IE Vitamin D3, 20mg Vitamin E, 0,75mg 3b202 (Jod), 1,4mg 3b503 (Mangan), 15mg 3b603 (Zink), 300μg 3a880 (Biotin) Huhn & Reis: Ernährungsphysiologische Zusatzstoffe: 200 IE Vitamin D3, 20mg Vitamin E, 1mg E4 (Kupfer), 0,75mg 3b202 (Jod), 1,4mg 3b503 (Mangan), 15mg 3b603 (Zink), 300μg 3a880 (Biotin) Lamm & Reis: Ernährungsphysiologische Zusatzstoffe: 200 IE Vitamin D3, 20mg Vitamin E, 0,75mg 3b202 (Jod), 1,4mg 3b503 (Mangan), 15mg 3b603 (Zink), 300μg 3a880 (Biotin)",
  "instock": true,
  "retail_limit": "10x"
},
{
  "_id": {
    "$oid": "66bef411a9267700a3bd021c"
  },
  "unique_id": 1256112,
  "competitor_name": "fressnapf",
  "product_name": "animonda Integra Protect Nieren 6x400g Rind",
  "brand": "animonda",
  "regular_price": 13.69,
  "selling_price": 13.69,
  "price_per_unit": "€5.70/kg",
  "currency": "EUR",
  "breadcrumb": "Heimat > Tiergesundheit > Tiergesundheit für Hunde > Nierendiät > animonda Integra Protect Nieren 6x400g Rind",
  "pdp_url": "https://www.fressnapf.at/p/animonda-integra-protect-nieren-6x400g-rind-1256112/",
  "product_description": "animonda\nArt.Nr.: 1256112\nINTEGRA PROTECT Nieren wurde speziell für Hunde mit chronischer Niereninsuffizienz entwickelt.\nDie deutlich geringere Zufuhr von Eiweißen verringert die auszuscheidene Menge an Eiweißabbauprodukten. Die gleichzeitige Reduzierung des Phosphorgehaltes verzögert den fortschreitenden Verlust der Nierenfunktion. Dadurch verbessert sich das Befindendes Hundes nachhaltig und die Lebenserwartung kann verlängert werden.\nEine besonders gute Akzeptanz und leichte Verdaulichkeit zeichnen diese Futter­zubereitung aus.\nMULTIFUNKTIONAL:\nGleichzeitig enthält diese Diätnahrung kein Getreide und ist somit für Hunde mit einer Getreideunverträglichkeit geeignet.\nDie Vorteile im Überblick:\nspezielles Futter bei unzureichender Nierenleistung\nreduzierter Gehalt an Eiweiß und an Phosphor\nhochwertige Proteine\nhoher Energiegehalt\ngute Akzeptanz\nGetreidefrei\nDiätalleinfuttermittel für Hunde zur Unterstützung der Nierenfunktion bei chronischer Niereninsuffizenz, weitere Informationen erhalten Sie hier: info@animonda.de\nDie Fütterung eines veterinärmedizinischen Diätfutters darf nur nach Rücksprache mit einem Tierarzt erfolgen. Während der Fütterung eines veterinärmedizinischen Diätfutters sollte mindestens alle 6 Monate ein Tierarzt zur Kontrolle aufgesucht werden. Wenn sich der Zustand des Haustieres während der Fütterung verschlechtern sollte, ist unverzüglich tierärztlicher Rat einzuholen. Mit dem Auswählen und Einlegen des ausgewählten Diätfutters in den Warenkorb bestätigst Du, dass Du die oben genannten Hinweise gelesen und verstanden hast.",
  "rating": 4.53,
  "review": 77,
  "ingredients": "Analytische Bestandteile Protein 5,5 %, Fettgehalt 11 %, Rohfaser 0,0 %, Rohasche 1,5 %, Calcium 0,15 %, Phosphor 0,1 %, Natrium 0,18 %, Kalium 0,27 %, Linolsäure 1,5 % Zusammensetzung Fleisch und tierische Nebenerzeugnisse (20 % Rind, Huhn), Gemüse (Kartoffeln), pflanzliche Nebenerzeugnisse, Öle und Fette (Rapsöl), Mineralstoffe. Proteinquellen: Rind, Huhn. Feuchtegehalt 77% Zusatzstoffe pro kg Vitamin A 2000 I.E., Vitamin D3 200 I.E., 0,75 mg 3b202, 3 mg E 5, 15 mg 3b605",
  "instock": true,
  "retail_limit": "10x"
},
{
  "_id": {
    "$oid": "66bef411a9267700a3bd021d"
  },
  "unique_id": 1244895,
  "competitor_name": "fressnapf",
  "product_name": "Bunny Bedding Linum 2x35 l",
  "brand": "Bunny",
  "regular_price": 25.49,
  "selling_price": 25.49,
  "price_per_unit": "€0.36/l",
  "currency": "EUR",
  "breadcrumb": "Heimat > Kleintier > Kleintierheim > Streu & Stroh > Bunny Bedding Linum 2x35 l",
  "pdp_url": "https://www.fressnapf.at/p/bunny-bedding-linum-2x35-l-1244895/",
  "product_description": "Bunny\nArt.Nr.: 1244895\nBedding Linum ist eine Leinen-Naturstreu die Ihrem Liebling den maximalen Komfort bietet.\nSie sorgt für eine behagliche, trockene Lauf- und Liegefläche. Die Tiere fangen sofort an, sich einzurichten.\nBedding Linum ist staubarm und damit besonders schonend für die Atemwege. Es bindet den anfallenden Ammoniak-Geruch und nimmt die Feuchtigkeit auf.\nAufgrund ihrer Eigenschaften ist sie zudem Sparsam im Verbrauch.\nAnwendungsempfeghlung\nEine lockere Schicht von 5-8cm einstreuen. Ersetzen Sie Urin- und Kotstellen, falls vorhanden zeitnah. Je nach Größe des Geheges und Anzahl der Tiere bunny Bedding Linum alle 14 Tage wechseln.\nEntsorgung: über Biotonne oder Hausmüll (regionale Entsorgungsvorschriften beachten), kompostierbar. Trocken lagern.\nInverkehrbringer\nBunny Tierernährung GmbH, Krukumer Str. 37, 49328 Melle",
  "rating": 4.82,
  "review": 33,
  "distributor_address": "Bunny Tierernährung GmbH, Krukumer Str. 37, 49328 Melle",
  "instock": true,
  "retail_limit": "7x"
},
{
  "_id": {
    "$oid": "66bef411a9267700a3bd021e"
  },
  "unique_id": 1099816,
  "competitor_name": "fressnapf",
  "product_name": "RINTI Gold Adult Huhn 12x185 g",
  "brand": "RINTI",
  "regular_price": 13.49,
  "selling_price": 13.49,
  "price_per_unit": "€6.08/kg",
  "currency": "EUR",
  "breadcrumb": "Heimat > Hund > Hundefutter > Hundenassfutter > RINTI Gold Adult Huhn 12x185 g",
  "pdp_url": "https://www.fressnapf.at/p/rinti-gold-adult-huhn-12x185-g-1099816/",
  "variants": "{'variant': ['Gans', 'Fasan', 'Geflügelherzen', 'Lamm', 'Rind', 'Wildschwein', 'Kalb', 'Ente']}",
  "product_description": "RINTI\nArt.Nr.: 1099816\nRINTI Gold ist eine besonders schmackhaft zubereitete Vollnahrung für kleine Feinschmecker.\nFür kleine Feinschschmecker - jetzt mit noch mehr Fleischstückchen.\nNatürlich ohne Formfleisch, ohne Soja (pflanzliche Eiweißextrakte), und ohne Farb- oder Aromastoffe.\nRINTI Gold - weil Ihr Hund einfach Gold wert ist.\nDie Vorteile im Überblick:\nreich an natürlichen und besonders schmackhaften Fleischstücken\nvoller Vitamine, Mineralstoffe und Spurenelemente\nohne Zusatz von Formfleisch\nwird auch von anspruchsvollen und kleinen Hunden akzeptiert\nin praktischer Ringpull-Dose – auch ideal für unterwegs\nAlleinfuttermittel für Hunde, weitere Informationen erhalten Sie hier:\nkundenservice@finnern.de",
  "rating": 4.8,
  "review": 409,
  "ingredients": "Analytische Bestandteile Rohprotein: 10%, Fettgehalt: 6%, Rohfaser: 0,5%, Rohasche: 2%, Calcium: 0,30%, Phosphor: 0,25% Zusammensetzung Huhn (25%), Lunge, Leber, Herz, Mineralstoffe Feuchtegehalt 81% Zusatzstoffe pro kg Ernährungsphysiologische Zusatzstoffe/kg: Vitamin D3: 200I.E., Vitamin E: 20mg, Zink (als Zinkoxid): 13mg",
  "instock": true,
  "retail_limit": "10x"
},
{
  "_id": {
    "$oid": "66bef411a9267700a3bd021f"
  },
  "unique_id": 1244538,
  "competitor_name": "fressnapf",
  "product_name": "SELECT GOLD Sensitive Adult Mixpaket 6x400g Mixpaket 1",
  "brand": "SELECT GOLD",
  "regular_price": 16.09,
  "selling_price": 16.09,
  "price_per_unit": "€6.70/kg",
  "currency": "EUR",
  "breadcrumb": "Heimat > Hund > Hundefutter > Hundenassfutter > SELECT GOLD Sensitive Adult Mixpaket 6x400g Mixpaket 1",
  "pdp_url": "https://www.fressnapf.at/p/select-gold-sensitive-adult-mixpaket-6x400g-mixpaket-1-1244538/",
  "product_description": "SELECT GOLD\nArt.Nr.: 1244538\nMixpaket mit verschiedenen Sorten - ideal zum probieren und für mehr Abwechslung!\nSELECT GOLD Sensitive Nassnahrung ist die Lösung für Hunde, die zu Futtermittelunverträglichkeiten oder sensibler Verdauung neigen.\nDie hochwertigen Rezepturen zeichnen sich durch wenige, sehr gut verträgliche Zutaten aus und sind zusätzlich abgestimmt auf die jeweilige Lebensphase.\nDie Mixpakete setzen sich aus folgenden Sorten zusammen:\nMixpaket 1:\n2 x Rind & Reis, 400g\n2 x Huhn & Reis, 400g\n2 x Lamm & Reis, 400g\nMixpaket 2:\n2 x Hisch & Kartoffel, 400g\n2 x Ente & Kartoffel, 400g\n1 x Lamm & Kartoffel, 400g\n1 x Lamm mit Lachs & Kartoffel, 400g\nDie Vorteile im Überblick:\nJede Rezeptur enthält jeweils nur eine hochwertige tierische Proteinquelle (Single Protein) – besonders geeignet für ernährungssensible Hunde.\nDie Rezeptur enthält nur eine sehr gut verträgliche Kohlenhydratquelle: Kartoffel.\nHoher Anteil tierischer Proteine mit bis zu 68%.\nbei Hirsch: Getreide- und glutenfreie Rezeptur.\nbei Huhn, Rind & Lamm: Weizen- und glutenfreie Rezeptur\nPrebiotisch wirkende Fructo-Oligosaccharide (FOS) unterstützen den Aufbau und Erhalt einer stabilen Darmflora.\nOptimale Nährstoffversorgung durch erlesene Zutaten.\nNatürliche Omega-3- und Omega-6-Fettsäuren aus Sonnenblumenöl und Rapsöl sowie Biotin könnenzu intakter Haut und schönem Fell beitragen.\nMöchtest du mehr über die Produkte von SELECT GOLD für Hunde erfahren? Tauche\nhier\nin die Welt der Produktvielfalt von SELECT GOLD ein!-\nAlleinfuttermittel für Ihren Hund, weitere Informationen erhalten Sie hier: info@fressnapf.com\nMehr Produktinfos\nInverkehrbringer\nMultiFit Tiernahrungs GmbH, Westpreußenstr. 32-38, 47809 Krefeld",
  "rating": 4.63,
  "review": 95,
  "distributor_address": "MultiFit Tiernahrungs GmbH, Westpreußenstr. 32-38, 47809 Krefeld",
  "ingredients": "Analytische Bestandteile Rind & Reis: 11,1% Protein, 7,2% Fettgehalt, 2,2% Rohasche, 0,5% Rohfaser, 0,21% Calcium, 0,16% Phosphor Huhn & Reis: 10,6% Protein, 5,5% Fettgehalt, 2,3% Rohasche, 0,6% Rohfaser, 0,23% Calcium, 0,18% Phosphor Lamm & Reis: 11,3% Protein, 7,3% Fettgehalt, 2,1% Rohasche, 0,5% Rohfaser, 0,19% Calcium, 0,15% Phosphor Zusammensetzung Rind & Reis: 68% Rind (aus Herzen, Fleisch, Lungen, Lebern), 27,5% Trinkwasser, 3% Reis, 1% Mineralstoffe, 0,2% Sonnenblumenöl, 0,2% Fructo-Oligosaccharide, 0,1% Rapsöl Huhn & Reis: 68% Huhn (aus Herzen, Fleisch, Mägen, Lebern, Hälsen, Fett), 27,5% Trinkwasser, 3% Reis, 0,2% Sonnenblumenöl, 0,2% Fructo-Oligosaccharide, 0,1% Rapsöl Lamm & Reis: 68% Lamm (aus Herzen, Fleisch, Lebern, Lungen), 27,5% Trinkwasser, 3% Reis, 1% Mineralstoffe, 0,2% Sonnenblumenöl, 0,2% Fructo-Oligosaccharide, 0,1% Rapsöl Feuchtegehalt Rind  Reis: 75% Huhn  Reis: 77% Lamm  Reis: 75% Zusatzstoffe pro kg Rind & Reis: Ernährungsphysiologische Zusatzstoffe: 200 IE Vitamin D3, 20mg Vitamin E, 0,75mg 3b202 (Jod), 1,4mg 3b503 (Mangan), 15mg 3b603 (Zink), 300μg 3a880 (Biotin) Huhn & Reis: Ernährungsphysiologische Zusatzstoffe: 200 IE Vitamin D3, 20mg Vitamin E, 1mg E4 (Kupfer), 0,75mg 3b202 (Jod), 1,4mg 3b503 (Mangan), 15mg 3b603 (Zink), 300μg 3a880 (Biotin) Lamm & Reis: Ernährungsphysiologische Zusatzstoffe: 200 IE Vitamin D3, 20mg Vitamin E, 0,75mg 3b202 (Jod), 1,4mg 3b503 (Mangan), 15mg 3b603 (Zink), 300μg 3a880 (Biotin)",
  "instock": true,
  "retail_limit": "10x"
},
{
  "_id": {
    "$oid": "66bef411a9267700a3bd0220"
  },
  "unique_id": 1099858,
  "competitor_name": "fressnapf",
  "product_name": "RINTI Gold Adult Kalb 12x185 g",
  "brand": "RINTI",
  "regular_price": 13.49,
  "selling_price": 13.49,
  "price_per_unit": "€6.08/kg",
  "currency": "EUR",
  "breadcrumb": "Heimat > Hund > Hundefutter > Hundenassfutter > RINTI Gold Adult Kalb 12x185 g",
  "pdp_url": "https://www.fressnapf.at/p/rinti-gold-adult-kalb-12x185-g-1099858/",
  "variants": "{'variant': ['Fasan', 'Gans', 'Ente', 'Lamm', 'Rind', 'Huhn', 'Geflügelherzen', 'Wildschwein']}",
  "product_description": "RINTI\nArt.Nr.: 1099858\nRINTI Gold ist eine besonders schmackhaft zubereitete Vollnahrung für kleine Feinschmecker.\nFür kleine Feinschschmecker - jetzt mit noch mehr Fleischstückchen.\nNatürlich ohne Formfleisch, ohne Soja (pflanzliche Eiweißextrakte), und ohne Farb- oder Aromastoffe.\nRINTI Gold - weil Ihr Hund einfach Gold wert ist.\nDie Vorteile im Überblick:\nreich an natürlichen und besonders schmackhaften Fleischstücken\nvoller Vitamine, Mineralstoffe und Spurenelemente\nohne Zusatz von Formfleisch\nwird auch von anspruchsvollen und kleinen Hunden akzeptiert\nin praktischer Ringpull-Dose – auch ideal für unterwegs\nAlleinfuttermittel für Hunde, weitere Informationen erhalten Sie hier:\nkundenservice@finnern.de",
  "rating": 4.8,
  "review": 409,
  "ingredients": "Analytische Bestandteile Rohprotein: 10%, Fettgehalt: 6%, Rohfaser: 0,5%, Rohasche: 2%, Calcium: 0,30%, Phosphor: 0,25% Zusammensetzung Kalb (25%), Lunge, Leber, Pansen, Muskelfleisch, Mineralstoffe Feuchtegehalt 79% Zusatzstoffe pro kg Vitamin D3: 200I.E., Vitamin E: 20mg, Zink (als Zinkoxid): 13mg",
  "instock": true,
  "retail_limit": "10x"
},
{
  "_id": {
    "$oid": "66bef411a9267700a3bd0221"
  },
  "unique_id": 1099862,
  "competitor_name": "fressnapf",
  "product_name": "RINTI Gold Adult Geflügelherzen 12x185 g",
  "brand": "RINTI",
  "regular_price": 13.49,
  "selling_price": 13.49,
  "price_per_unit": "€6.08/kg",
  "currency": "EUR",
  "breadcrumb": "Heimat > Hund > Hundefutter > Hundenassfutter > RINTI Gold Adult Geflügelherzen 12x185 g",
  "pdp_url": "https://www.fressnapf.at/p/rinti-gold-adult-gefluegelherzen-12x185-g-1099862/",
  "variants": "{'variant': ['Rind', 'Ente', 'Fasan', 'Gans', 'Huhn', 'Wildschwein', 'Kalb', 'Lamm']}",
  "product_description": "RINTI\nArt.Nr.: 1099862\nRINTI Gold ist eine besonders schmackhaft zubereitete Vollnahrung für kleine Feinschmecker.\nFür kleine Feinschschmecker - jetzt mit noch mehr Fleischstückchen.\nNatürlich ohne Formfleisch, ohne Soja (pflanzliche Eiweißextrakte), und ohne Farb- oder Aromastoffe.\nRINTI Gold - weil Ihr Hund einfach Gold wert ist.\nDie Vorteile im Überblick:\nreich an natürlichen und besonders schmackhaften Fleischstücken\nvoller Vitamine, Mineralstoffe und Spurenelemente\nohne Zusatz von Formfleisch\nwird auch von anspruchsvollen und kleinen Hunden akzeptiert\nin praktischer Ringpull-Dose – auch ideal für unterwegs\nAlleinfuttermittel für Hunde, weitere Informationen erhalten Sie hier:\nkundenservice@finnern.de",
  "rating": 4.8,
  "review": 409,
  "ingredients": "Analytische Bestandteile Rohprotein: 10%, Fettgehalt: 6%, Rohfaser: 0,5%, Rohasche: 2%, Calcium: 0,30%, Phosphor: 0,25% Zusammensetzung Geflügelherzen (20%), Lunge, Leber, Muskelfleisch, Mineralstoffe Feuchtegehalt 81% Zusatzstoffe pro kg Vitamin D3: 200I.E., Vitamin E: 20mg, Zink (als Zinkoxid): 13mg",
  "instock": true,
  "retail_limit": "10x"
},
{
  "_id": {
    "$oid": "66bef411a9267700a3bd0222"
  },
  "unique_id": 1099850,
  "competitor_name": "fressnapf",
  "product_name": "RINTI Gold Adult Lamm 12x185 g",
  "brand": "RINTI",
  "regular_price": 13.49,
  "selling_price": 13.49,
  "price_per_unit": "€6.08/kg",
  "currency": "EUR",
  "breadcrumb": "Heimat > Hund > Hundefutter > Hundenassfutter > RINTI Gold Adult Lamm 12x185 g",
  "pdp_url": "https://www.fressnapf.at/p/rinti-gold-adult-lamm-12x185-g-1099850/",
  "variants": "{'variant': ['Ente', 'Geflügelherzen', 'Rind', 'Fasan', 'Kalb', 'Wildschwein', 'Huhn', 'Gans']}",
  "product_description": "RINTI\nArt.Nr.: 1099850\nRINTI Gold ist eine besonders schmackhaft zubereitete Vollnahrung für kleine Feinschmecker.\nFür kleine Feinschschmecker - jetzt mit noch mehr Fleischstückchen.\nNatürlich ohne Formfleisch, ohne Soja (pflanzliche Eiweißextrakte), und ohne Farb- oder Aromastoffe.\nRINTI Gold - weil Ihr Hund einfach Gold wert ist.\nDie Vorteile im Überblick:\nreich an natürlichen und besonders schmackhaften Fleischstücken\nvoller Vitamine, Mineralstoffe und Spurenelemente\nohne Zusatz von Formfleisch\nwird auch von anspruchsvollen und kleinen Hunden akzeptiert\nin praktischer Ringpull-Dose – auch ideal für unterwegs\nAlleinfuttermittel für Hunde, weitere Informationen erhalten Sie hier:\nkundenservice@finnern.de",
  "rating": 4.8,
  "review": 409,
  "ingredients": "Analytische Bestandteile Rohprotein: 10%, Fettgehalt: 8%, Rohfaser: 0,5%, Rohasche: 2%, Calcium: 0,30%, Phosphor: 0,25% Zusammensetzung Lamm (30%), Lunge, Pansen, Herz, Niere, Mineralstoffe Feuchtegehalt 79% Zusatzstoffe pro kg Vitamin D3: 200I.E., Vitamin E: 20mg, Zink (als Zinkoxid): 13mg.",
  "instock": true,
  "retail_limit": "10x"
},
{
  "_id": {
    "$oid": "66bef411a9267700a3bd0223"
  },
  "unique_id": 1203023002,
  "competitor_name": "fressnapf",
  "product_name": "Terra Canis Canireo Adult Wild 5 kg",
  "brand": "Terra Canis",
  "regular_price": 85.99,
  "selling_price": 85.99,
  "price_per_unit": "€17.20/kg",
  "currency": "EUR",
  "breadcrumb": "Heimat > Hund > Hundefutter > Hundetrockenfutter > Terra Canis Canireo Adult Wild 5 kg",
  "pdp_url": "https://www.fressnapf.at/p/terra-canis-canireo-adult-wild-5-kg-1203023002/",
  "product_description": "Terra Canis\nArt.Nr.: 1203023002\nQualitativ besonders hochwertig ist  Canireo mit rein natürlichen Nährsoffzusätze. Ein kross gebackenes, naturnahes und artgerechtes Trockenfutter in 100% nachweislicher Lebensmittelqualität aller Rohstoffe.\nCanireo ist das erste Trockenfutter im Fachhandel mit 100% Rohstoffen in nachweislicher Lebensmittelqualität, auf reiner Frischfleischbasis, mit 64% Muskelfleisch und getreidefrei.\nDiese einzigartige Qualität unterscheidet es von allen anderen Trockenfuttern.\nDas Futter verzichtet zu 100% auf Fleisch-, Knochen-, Fisch- und Federkernmehl.\nDiese meist für Trockenfutter verwendeten Mehle werden üblicherweise aus sogenanntem K3-Material (Entsorgungsmaterial, das nicht mehr für den menschlichen Verzehr zugelassen ist) hergestellt und sind im Hinblick auf Qualität in keinerlei Weise mit Lebensmittelqualität zu vergleichen.\nBesonders ist auch, dass Canireo ausschließlich mit Frischfleisch – 64% frischem Muskelfleisch und 1% frischer Leber – produziert wird.\nEs wird außerdem nicht kaltgepresst oder exdrudiert, sondern ganz natürlich kross gebacken.\nDas Ergebnis ist ein natürliches, kross gebackenes Trockenfutter in kompromissloser Qualität. Die 100%ige Lebensmittelqualität, die ausschließliche Verwendung von Frischfleisch, der hohe Muskelfleischanteil von 64% und das wertvolle Kokosmehl machen Canireo einzigartig.\nDurch den Verzicht auf Getreide, die Verwendung von viel gesundem Gemüse, Obst & Kräutern sowie rein natürlichen Nährstoffzusätzen wird Canireo zu einem wirklich artgerechten und naturnahen Trockenfutter.\nDie Vorteile im Überblick:\nAusschließliche Verwendung von Frischfleisch\nMit viel gesundem Gemüse, Obst & Kräutern\n100 % getreidefrei, stärkearm\nMit rein natürlichen Nährstoffzusätzen\nHöchste Ergiebigkeit durch hochwertige, leichtverdauliche Zutaten\nVerzicht auf K3-Material (z. B. Schlachtabfälle, Fleischmehle, etc.)\nWeitere Informationen erhalten Sie hier: info@terracanis.eu\nAlleinfuttermittel für ausgewachsene, normal aktive Hunde\nInverkehrbringer\nTerra Canis GmbH, Friedrichstr. 1a, 80801 München",
  "rating": 4.93,
  "review": 30,
  "distributor_address": "Terra Canis GmbH, Friedrichstr. 1a, 80801 München",
  "ingredients": "Analytische Bestandteile Protein: 29,4 % · Fettgehalt: 12,5 % · Rohfaser: 2,8 % · Rohasche: 5,1 % Zusammensetzung Frisches Muskelfleisch von Reh & Hirsch (64 %), Kartoffelflocken (15 %), Kokosmehl (5 %), Apfel* (2 %), Bierhefe*, Pastinake* (1,67 %), Karotten* (1,52 %), Zucchini* (1,44 %), Sellerie* (1,2 %), frische Leber von Reh & Hirsch (1 %), Eierschalenpulver (1 %), Kürbis* (0,8 %), Leinsaat, Aprikosen* (0,5 %), Bockshornklee (0,4 %), Petersilienwurzel* (0,4 %), Rapskernmehl, Mineralerde, Spinat* (0,16 %), Seealge, Löwenzahn* (0,1 %), Hagebutte* (0,1 %), Kamille* (0,1 %), Rosmarin*, Thymian* *getrocknet Feuchtegehalt 3,7%",
  "instock": true,
  "retail_limit": "7x"
},
{
  "_id": {
    "$oid": "66bef411a9267700a3bd0224"
  },
  "unique_id": 1238945,
  "competitor_name": "fressnapf",
  "product_name": "Bunny Bedding Linum 35 l",
  "brand": "Bunny",
  "regular_price": 12.99,
  "selling_price": 12.99,
  "price_per_unit": "€0.37/l",
  "currency": "EUR",
  "breadcrumb": "Heimat > Kleintier > Kleintierheim > Streu & Stroh > Bunny Bedding Linum 35 l",
  "pdp_url": "https://www.fressnapf.at/p/bunny-bedding-linum-35-l-1238945/",
  "product_description": "Bunny\nArt.Nr.: 1238945\nBedding Linum ist eine Leinen-Naturstreu die Ihrem Liebling den maximalen Komfort bietet.\nSie sorgt für eine behagliche, trockene Lauf- und Liegefläche. Die Tiere fangen sofort an, sich einzurichten.\nBedding Linum ist staubarm und damit besonders schonend für die Atemwege. Es bindet den anfallenden Ammoniak-Geruch und nimmt die Feuchtigkeit auf.\nAufgrund ihrer Eigenschaften ist sie zudem Sparsam im Verbrauch.\nAnwendungsempfeghlung\nEine lockere Schicht von 5-8cm einstreuen. Ersetzen Sie Urin- und Kotstellen, falls vorhanden zeitnah. Je nach Größe des Geheges und Anzahl der Tiere bunny Bedding Linum alle 14 Tage wechseln.\nEntsorgung: über Biotonne oder Hausmüll (regionale Entsorgungsvorschriften beachten), kompostierbar. Trocken lagern.\nInverkehrbringer\nBunny Tierernährung GmbH, Krukumer Str. 37, 49328 Melle",
  "rating": 4.82,
  "review": 33,
  "distributor_address": "Bunny Tierernährung GmbH, Krukumer Str. 37, 49328 Melle",
  "instock": true,
  "retail_limit": "10x"
},
{
  "_id": {
    "$oid": "66bef411a9267700a3bd0225"
  },
  "unique_id": 1244929,
  "competitor_name": "fressnapf",
  "product_name": "Terra Canis Canireo Adult Wild 2x1 kg",
  "brand": "Terra Canis",
  "regular_price": 41.99,
  "selling_price": 41.99,
  "price_per_unit": "€21.00/kg",
  "currency": "EUR",
  "breadcrumb": "Heimat > Hund > Hundefutter > Hundetrockenfutter > Terra Canis Canireo Adult Wild 2x1 kg",
  "pdp_url": "https://www.fressnapf.at/p/terra-canis-canireo-adult-wild-2x1-kg-1244929/",
  "product_description": "Terra Canis\nArt.Nr.: 1244929\nQualitativ besonders hochwertig ist  Canireo mit rein natürlichen Nährsoffzusätze. Ein kross gebackenes, naturnahes und artgerechtes Trockenfutter in 100% nachweislicher Lebensmittelqualität aller Rohstoffe.\nCanireo ist das erste Trockenfutter im Fachhandel mit 100% Rohstoffen in nachweislicher Lebensmittelqualität, auf reiner Frischfleischbasis, mit 64% Muskelfleisch und getreidefrei.\nDiese einzigartige Qualität unterscheidet es von allen anderen Trockenfuttern.\nDas Futter verzichtet zu 100% auf Fleisch-, Knochen-, Fisch- und Federkernmehl.\nDiese meist für Trockenfutter verwendeten Mehle werden üblicherweise aus sogenanntem K3-Material (Entsorgungsmaterial, das nicht mehr für den menschlichen Verzehr zugelassen ist) hergestellt und sind im Hinblick auf Qualität in keinerlei Weise mit Lebensmittelqualität zu vergleichen.\nBesonders ist auch, dass Canireo ausschließlich mit Frischfleisch – 64% frischem Muskelfleisch und 1% frischer Leber – produziert wird.\nEs wird außerdem nicht kaltgepresst oder exdrudiert, sondern ganz natürlich kross gebacken.\nDas Ergebnis ist ein natürliches, kross gebackenes Trockenfutter in kompromissloser Qualität. Die 100%ige Lebensmittelqualität, die ausschließliche Verwendung von Frischfleisch, der hohe Muskelfleischanteil von 64% und das wertvolle Kokosmehl machen Canireo einzigartig.\nDurch den Verzicht auf Getreide, die Verwendung von viel gesundem Gemüse, Obst & Kräutern sowie rein natürlichen Nährstoffzusätzen wird Canireo zu einem wirklich artgerechten und naturnahen Trockenfutter.\nDie Vorteile im Überblick:\nAusschließliche Verwendung von Frischfleisch\nMit viel gesundem Gemüse, Obst & Kräutern\n100 % getreidefrei, stärkearm\nMit rein natürlichen Nährstoffzusätzen\nHöchste Ergiebigkeit durch hochwertige, leichtverdauliche Zutaten\nVerzicht auf K3-Material (z. B. Schlachtabfälle, Fleischmehle, etc.)\nWeitere Informationen erhalten Sie hier: info@terracanis.eu\nAlleinfuttermittel für ausgewachsene, normal aktive Hunde\nInverkehrbringer\nTerra Canis GmbH, Friedrichstr. 1a, 80801 München",
  "rating": 4.93,
  "review": 30,
  "distributor_address": "Terra Canis GmbH, Friedrichstr. 1a, 80801 München",
  "ingredients": "Analytische Bestandteile Protein: 29,4 % · Fettgehalt: 12,5 % · Rohfaser: 2,8 % · Rohasche: 5,1 % Zusammensetzung Frisches Muskelfleisch von Reh & Hirsch (64 %), Kartoffelflocken (15 %), Kokosmehl (5 %), Apfel* (2 %), Bierhefe*, Pastinake* (1,67 %), Karotten* (1,52 %), Zucchini* (1,44 %), Sellerie* (1,2 %), frische Leber von Reh & Hirsch (1 %), Eierschalenpulver (1 %), Kürbis* (0,8 %), Leinsaat, Aprikosen* (0,5 %), Bockshornklee (0,4 %), Petersilienwurzel* (0,4 %), Rapskernmehl, Mineralerde, Spinat* (0,16 %), Seealge, Löwenzahn* (0,1 %), Hagebutte* (0,1 %), Kamille* (0,1 %), Rosmarin*, Thymian* *getrocknet Feuchtegehalt 3,7%",
  "instock": true,
  "retail_limit": "10x"
},
{
  "_id": {
    "$oid": "66bef411a9267700a3bd0226"
  },
  "unique_id": 1101494,
  "competitor_name": "fressnapf",
  "product_name": "RINTI Gold Adult Rind 12x185 g",
  "brand": "RINTI",
  "regular_price": 13.49,
  "selling_price": 13.49,
  "price_per_unit": "€6.08/kg",
  "currency": "EUR",
  "breadcrumb": "Heimat > Hund > Hundefutter > Hundenassfutter > RINTI Gold Adult Rind 12x185 g",
  "pdp_url": "https://www.fressnapf.at/p/rinti-gold-adult-rind-12x185-g-1101494/",
  "variants": "{'variant': ['Lamm', 'Ente', 'Gans', 'Geflügelherzen', 'Huhn', 'Wildschwein', 'Kalb', 'Fasan']}",
  "product_description": "RINTI\nArt.Nr.: 1101494\nRINTI Gold ist eine besonders schmackhaft zubereitete Vollnahrung für kleine Feinschmecker.\nFür kleine Feinschschmecker - jetzt mit noch mehr Fleischstückchen.\nNatürlich ohne Formfleisch, ohne Soja (pflanzliche Eiweißextrakte), und ohne Farb- oder Aromastoffe.\nRINTI Gold - weil Ihr Hund einfach Gold wert ist.\nDie Vorteile im Überblick:\nreich an natürlichen und besonders schmackhaften Fleischstücken\nvoller Vitamine, Mineralstoffe und Spurenelemente\nohne Zusatz von Formfleisch\nwird auch von anspruchsvollen und kleinen Hunden akzeptiert\nin praktischer Ringpull-Dose – auch ideal für unterwegs\nAlleinfuttermittel für Hunde, weitere Informationen erhalten Sie hier:\nkundenservice@finnern.de\nInverkehrbringer\nFinnern GmbH & Co.KG, Bahnhofstr. 11, 27283 Verden",
  "rating": 4.8,
  "review": 409,
  "distributor_address": "Finnern GmbH & Co.KG, Bahnhofstr. 11, 27283 Verden",
  "ingredients": "Analytische Bestandteile Rohprotein 10%, Rohfett 5%, Rohfaser 0,5%, Rohasche 2,5%, Calcium 0,3%, Phosphor 0,25% Zusammensetzung Rind (50%), Lunge, Leber, Pansen, Muskelfleisch, Mineralstoffe. Feuchtegehalt 81% Zusatzstoffe pro kg Vitamin D3: 200I.E. Vitamin E: 20mg, Zink (als Zinkoxid): 13mg",
  "instock": true,
  "retail_limit": "10x"
},
{
  "_id": {
    "$oid": "66bef411a9267700a3bd0227"
  },
  "unique_id": 1243373,
  "competitor_name": "fressnapf",
  "product_name": "RINTI Gold Adult Ente 12x185 g",
  "brand": "RINTI",
  "regular_price": 13.49,
  "selling_price": 13.49,
  "price_per_unit": "€6.08/kg",
  "currency": "EUR",
  "breadcrumb": "Heimat > Hund > Hundefutter > Hundenassfutter > RINTI Gold Adult Ente 12x185 g",
  "pdp_url": "https://www.fressnapf.at/p/rinti-gold-adult-ente-12x185-g-1243373/",
  "variants": "{'variant': ['Geflügelherzen', 'Rind', 'Fasan', 'Gans', 'Huhn', 'Wildschwein', 'Kalb', 'Lamm']}",
  "product_description": "RINTI\nArt.Nr.: 1243373\nRINTI Gold ist eine besonders schmackhaft zubereitete Vollnahrung für kleine Feinschmecker.\nFür kleine Feinschschmecker - jetzt mit noch mehr Fleischstückchen.\nNatürlich ohne Formfleisch, ohne Soja (pflanzliche Eiweißextrakte), und ohne Farb- oder Aromastoffe.\nRINTI Gold - weil Ihr Hund einfach Gold wert ist.\nDie Vorteile im Überblick:\nreich an natürlichen und besonders schmackhaften Fleischstücken\nvoller Vitamine, Mineralstoffe und Spurenelemente\nohne Zusatz von Formfleisch\nwird auch von anspruchsvollen und kleinen Hunden akzeptiert\nin praktischer Ringpull-Dose – auch ideal für unterwegs\nAlleinfuttermittel für Hunde, weitere Informationen erhalten Sie hier:\nkundenservice@finnern.de",
  "rating": 4.8,
  "review": 409,
  "ingredients": "Analytische Bestandteile Rohprotein11 %, Fettgehalt5 %, Rohfaser0,5 %, Rohasche2,5 %, Calcium0,3 %, Phosphor0,25 %. Zusammensetzung Ente (20%), Muskelfleisch, Niere, Leber, Magen, Lunge, Euter, Pansen, Mineralstoffe, Leinöl, Rübenfasern. Feuchtegehalt 80%. Zusatzstoffe pro kg Vitamin D3: 300 I.E., Vitamin E (als all-rac-alpha-Tocopherylacetat): 40mg, Zink (als Zinkoxid): 30mg, Jod (als Kalziumjodat, wasserfrei): 0,25mg, Mangan (als Mangan(II)-sulfat, Monohydrat): 2mg, Kupfer (als Kupfer(II)-sulfat-Pentahydrat): 3mg.",
  "instock": true,
  "retail_limit": "10x"
},
{
  "_id": {
    "$oid": "66bef411a9267700a3bd0228"
  },
  "unique_id": 1243374,
  "competitor_name": "fressnapf",
  "product_name": "RINTI Gold Adult Gans 12x185 g",
  "brand": "RINTI",
  "regular_price": 13.49,
  "selling_price": 13.49,
  "price_per_unit": "€6.08/kg",
  "currency": "EUR",
  "breadcrumb": "Heimat > Hund > Hundefutter > Hundenassfutter > RINTI Gold Adult Gans 12x185 g",
  "pdp_url": "https://www.fressnapf.at/p/rinti-gold-adult-gans-12x185-g-1243374/",
  "variants": "{'variant': ['Ente', 'Geflügelherzen', 'Lamm', 'Rind', 'Fasan', 'Kalb', 'Wildschwein', 'Huhn']}",
  "product_description": "RINTI\nArt.Nr.: 1243374\nRINTI Gold ist eine besonders schmackhaft zubereitete Vollnahrung für kleine Feinschmecker.\nFür kleine Feinschschmecker - jetzt mit noch mehr Fleischstückchen.\nNatürlich ohne Formfleisch, ohne Soja (pflanzliche Eiweißextrakte), und ohne Farb- oder Aromastoffe.\nRINTI Gold - weil Ihr Hund einfach Gold wert ist.\nDie Vorteile im Überblick:\nreich an natürlichen und besonders schmackhaften Fleischstücken\nvoller Vitamine, Mineralstoffe und Spurenelemente\nohne Zusatz von Formfleisch\nwird auch von anspruchsvollen und kleinen Hunden akzeptiert\nin praktischer Ringpull-Dose – auch ideal für unterwegs\nAlleinfuttermittel für Hunde, weitere Informationen erhalten Sie hier:\nkundenservice@finnern.de",
  "rating": 4.8,
  "review": 409,
  "ingredients": "Analytische Bestandteile Rohprotein: 11%, Fettgehalt: 6,5%, Rohfaser: 0,5%, Rohasche: 2,5%, Calcium: 0,30%, Phosphor: 0,25% Zusammensetzung Gans (25%), Lunge, Leber, Niere, Muskelfleisch, Euter, Pansen, Mineralstoffe. Feuchtegehalt 78% Zusatzstoffe pro kg Vitamin D3: 200I.E., Vitamin E: 20mg, Zink (als Zinkoxid) 13mg.",
  "instock": true,
  "retail_limit": "10x"
},
{
  "_id": {
    "$oid": "66bef411a9267700a3bd0229"
  },
  "unique_id": 1100520,
  "competitor_name": "fressnapf",
  "product_name": "RINTI Gold Adult Wildschwein 12x185 g",
  "brand": "RINTI",
  "regular_price": 13.49,
  "selling_price": 13.49,
  "price_per_unit": "€6.08/kg",
  "currency": "EUR",
  "breadcrumb": "Heimat > Hund > Hundefutter > Hundenassfutter > RINTI Gold Adult Wildschwein 12x185 g",
  "pdp_url": "https://www.fressnapf.at/p/rinti-gold-adult-wildschwein-12x185-g-1100520/",
  "variants": "{'variant': ['Gans', 'Fasan', 'Geflügelherzen', 'Lamm', 'Rind', 'Huhn', 'Ente', 'Kalb']}",
  "product_description": "RINTI\nArt.Nr.: 1100520\nRINTI Gold ist eine besonders schmackhaft zubereitete Vollnahrung für kleine Feinschmecker.\nFür kleine Feinschschmecker - jetzt mit noch mehr Fleischstückchen.\nNatürlich ohne Formfleisch, ohne Soja (pflanzliche Eiweißextrakte), und ohne Farb- oder Aromastoffe.\nRINTI Gold - weil Ihr Hund einfach Gold wert ist.\nDie Vorteile im Überblick:\nreich an natürlichen und besonders schmackhaften Fleischstücken\nvoller Vitamine, Mineralstoffe und Spurenelemente\nohne Zusatz von Formfleisch\nwird auch von anspruchsvollen und kleinen Hunden akzeptiert\nin praktischer Ringpull-Dose – auch ideal für unterwegs\nAlleinfuttermittel für Hunde, weitere Informationen erhalten Sie hier:\nkundenservice@finnern.de",
  "rating": 4.8,
  "review": 409,
  "ingredients": "Analytische Bestandteile Rohprotein 10%, Fettgehalt 8%, Rohfaser 0,6%, Rohasche 2,5%, Calcium 0,3%, Phosphor 0,25% Zusammensetzung Wildschwein 30%, Lunge, Leber, Pansen, Mineralstoffe Feuchtegehalt 78% Zusatzstoffe pro kg Vitamin D3 200I.E, Vitamin E 20mg, Zink (als Zinkoxid) 13mg",
  "instock": true,
  "retail_limit": "10x"
},
{
  "_id": {
    "$oid": "66bef411a9267700a3bd022a"
  },
  "unique_id": 1311982,
  "competitor_name": "fressnapf",
  "product_name": "PREMIERE Meati Mixpaket 6x800g Mixpaket 1",
  "brand": "PREMIERE",
  "regular_price": 17.29,
  "selling_price": 17.29,
  "price_per_unit": "€3.60/kg",
  "currency": "EUR",
  "breadcrumb": "Heimat > Hund > Hundefutter > Hundenassfutter > PREMIERE Meati Mixpaket 6x800g Mixpaket 1",
  "pdp_url": "https://www.fressnapf.at/p/premiere-meati-mixpaket-6x800g-mixpaket-1-1311982/",
  "product_description": "PREMIERE\nArt.Nr.: 1311982\nFür unsere Fleischliebhaber: PREMIERE Meat Menu ist ein Alleinfuttermittel für ausgewachsene Katzen mit 100% Frischfleisch im Fleischanteil.\nPREMIERE Meati – der pure Fleischgenuss! Ein ausgewogenes Nassfutter mit purem Fleischgenuss für ausgewachsene Hunde. Die hochwertigen Zutaten und eine schonende Verarbeitung garantieren eine ausgezeichnete Verträglichkeit.\n71% Fleisch und Innereien:\nDer hohe Fleischanteil und die saftigen, natürlichen Fleischstücke in PREMIERE Meati machen dieses Produkt so besonders und schmackhaft.\nAbwehrkräfte:\nDie im Leinöl enthaltenen mehrfach ungesättigten Omega-3-Fettsäuren können die körpereigenen Abwehrkräfte unterstützen und zum Zellschutz beitragen.\noptimale Verdauung:\nDurch die in den Rübenfasern enthaltenen Ballaststoffe wird eine optimale Verdauung gefördert.\nDie Mixpakete setzen sich aus folgenden Sorten zusammen:\nMixpaket I: 2 x Hühnerherzen, 1 x Rind, 1 x Kalb; 1 x Lamm, 1 x Pansen\nMixpaket II: 2 x Hühnerherzen, 2 x Kalb; 2 x Lamm\nMixpaket III: 2 x Hühnerherzen, 2 x Rind, 2 x Rentier\nMixpaket IV: 2x Entenherzen, 2 x Rentier, 1 x Wildschwein, 1 x Wildvariationen\n*Schmeckt nicht? Mit unserer\nQualitätsgarantie\nbekommst du dein Geld zurück und suchst dir einfach ein anderes Futter aus.\nAlleinfuttermittel für Hunde, weitere Informationen erhalten Sie hier: info@fressnapf.com\nFütterungsempfehlung\nGewicht des Hundes\nPremiere Meati Hühnerherzen\nPremiere Meati Pansen\nPremiere Meati Rind\nPremiere Meati Kalb\nPremiere Meati Lamm\n10kg\n400g\n400g\n400g\n400g\n400g\n15kg\n550g\n550g\n550g\n550g\n550g\n20kg\n700g\n700g\n700g\n700g\n700g\n25kg\n800g\n800g\n800g\n800g\n800g\n30kg\n900g\n900g\n900g\n900g\n900g\n35kg\n1000g\n1000g\n1000g\n1000g\n1000g\n40kg\n1150g\n1150g\n1150g\n1150g\n1150g\n45kg\n1250g\n1250g\n1250g\n1250g\n1250g\n50kg\n1350g\n1350g\n1350g\n1350g\n1350g\n60kg\n1550g\n1550g\n1550g\n1550g\n1550g\n70kg\n1750g\n1750g\n1750g\n1750g\n1750g\nInhaltsstoffe\nAnalytische Bestandteile\nHühnerherzen: Protein 11%, Fettgehalt 8%, Rohasche 2,5%, Rohfaser 0,6%, Calcium 0,3%, Phosphor 0,25%, Omega-3-Fettsäuren 0,1%.\nRind: Protein 11%, Fettgehalt 8%, Rohasche 2,5%, Rohfaser 0,6%, Calcium 0,3%, Phosphor 0,25%, Omega-3-Fettsäuren 0,1%\nKalb: Protein 11%, Fettgehalt 8%, Rohasche 2,5%, Rohfaser 0,6%, Calcium 0,23%, Phosphor 0,17%, Omega-3-Fettsäuren 0,1%\nLamm: Protein 11%, Fettgehalt 8%, Rohasche 2,5%, Rohfaser 0,6%, Calcium 0,3%, Phosphor 0,25%, Omega-3-Fettsäuren 0,1%.\nPansen: Protein 10%, Fettgehalt 6%, Rohasche 2,5%, Rohfaser 0,6%, Calcium 0,2%, Phosphor 0,17%, Omega-3-Fettsäuren 0,1%\nZusammensetzung\nHühnerherzen: 71% Fleisch und tierische Nebenerzeugnisse (davon 15% Hühnerherzen), Mineralstoffe, Öle und Fette (0,2% Leinöl), pflanzliche Nebenerzeugnisse (0,2% Rübenfaser). Anteil Muskelfleisch 10% Rind: 71% Fleisch und tierische Nebenerzeugnisse (davon 12% Rinderherzen, 12% Rinderlebern, 6% Rinderpansen), Mineralstoffe, Öle und Fette (0,2% Leinöl), pflanzliche Nebenerzeugnisse (0,2% Rübenfaser). Anteil Muskelfleisch 12% Kalb: 71% Fleisch und tierische Nebenerzeugnisse (davon 13% Kalbsherzen, 12% Kalbslunge), Mineralstoffe, Öle und Fette (0,2% Leinöl), pflanzliche Nebenerzeugnisse (0,2% Rübenfaser). Anteil Muskelfleisch 10% Lamm: 71% Fleisch und tierische Nebenerzeugnisse (davon 13% Lammherzen, 12% Lammlunge, 5% Lammpansen), Mineralstoffe, Öle und Fette (0,2% Leinöl), pflanzliche Nebenerzeugnisse (0,2% Rübenfaser). Anteil Muskelfleisch 10% Pansen: 71% Rinderpansen, Mineralstoffe, Öle und Fette (0,2% Leinöl), pflanzliche Nebenerzeugnisse (0,2% Rübenfaser)\nFeuchtegehalt\nHühnerherzen, Rind, Kalb und Lamm: 77% Pansen: 79%\nZusatzstoffe pro kg\nHühnerherzen:  Vitamin D3 200 IE, Jod (Kalziumjodat, wasserfrei) 0,75mg, Mangan (Mangan(II)-sulfat, Monohydrat) 3mg, Zink (Zinksulfat, Monohydrat) 15mg. Rind:  Vitamin D3 200  IE, Jod (Kalziumjodat, wasserfrei) 0,75mg, Mangan (Mangan(II)-­sulfat, Monohydrat) 3mg, Zink (Zinksulfat, Monohydrat) 15mg Kalb: Vitamin D3 200 IE, Jod (Kalziumjodat, wasserfrei) 0,75mg, Mangan (Mangan(II)-­sulfat, Monohydrat) 3mg, Zink (Zinksulfat, Monohydrat) 15mg Lamm: Vitamin D3 200  IE, Jod (Kalziumjodat, wasserfrei) 0,75mg, Mangan (Mangan(II)-­sulfat, Monohydrat) 3mg, Zink (Zinksulfat, Monohydrat) 15mg Pansen: Vitamin A 3000 IE, Vitamin D3 200 IE, Jod (Kalziumjodat, wasserfrei) 0,75mg, Mangan (Mangan(II)-­sulfat, Monohydrat) 3mg, Zink (Zinksulfat, Monohydrat) 15mg\nVersandinformationen\nLieferungen erfolgen ab einem Mindestbestellwert von € 19,00 inkl. Mehrwertsteuer nach Abzug von Rabatten.\nWelche Versandkosten fallen für meine Bestellung an?\nWir berechnen € 2,99 bis zu einem Bestellwert von 29,00 €  – unabhängig von der Anzahl der Artikel und der Versandart.\nLieferungen ab 29,00 € werden mit 0,99 € Versandkosten pro Bestellung berechnet. Bei Bestellungen die ein Gesamtgewicht von 31 kg überschreiten, werden je nach Gewicht zwei oder mehrere Pakete versendet (Maximalgewicht pro Paket 31 kg). Für den erhöhten Versandaufwand berechnen wir einmalig zusätzliche Versandkosten in Höhe von 2,99 € pro Bestellung.\nLieferungen sind grundsätzlich nur innerhalb Österreichs möglich.\nDie Lieferzeit beträgt 1-3 Werktage bei Bestellungen bis 16 Uhr.\nKundenbewertungen und -rezensionen verstehen\nProduktbewertungen\nWie funktionieren Bewertungen in der Fressnapf-Gruppe (einschließlich Maxi Zoo)?\nKundenmeinungen in Form von Produkt- und Sternebewertungen sind dienlich für alle Kunden. Sie ermöglichen mehr über das Produkt zu erfahren und helfen bei Kaufentscheidung. Jeder Kunde, der ein Produkt Online oder im Markt erworben hat, kann eine Bewertung abgeben. Wir beziehen zudem Bewertungen aus Dritt-Quellen, z.B. von Hersteller-Seiten. Die Bewertungsherkunft wird an den jeweiligen Rezension ausgewiesen. Für Fressnapf ist das Meinungsbild seiner Kunden wichtig, um Schwachstellen zu analysieren und die Produktqualität zu verbessern. Alle Bewertungen werden durch unseren Dienstleister Bazaarvoice auf Vertrauenswürdigkeit geprüft. Bewertungsinhalte, die gegen die Nutzungsbedingungen der Fressnapf-Gruppe verstoßen, werden abgelehnt. Sonst erfolgt die Veröffentlichung von positiven wie auch negativen Produktbewertungen.\nHier mehr Informationen rund um Produktbewertungen\n.\nWeitere Informationen zur Verarbeitung Ihrer personenbezogenen Daten entnehmen Sie bitte unseren\nDatenschutzhinweisen\n.",
  "rating": 4.54,
  "review": 412,
  "ingredients": "Analytische Bestandteile Hühnerherzen: Protein 11%, Fettgehalt 8%, Rohasche 2,5%, Rohfaser 0,6%, Calcium 0,3%, Phosphor 0,25%, Omega-3-Fettsäuren 0,1%. Rind: Protein 11%, Fettgehalt 8%, Rohasche 2,5%, Rohfaser 0,6%, Calcium 0,3%, Phosphor 0,25%, Omega-3-Fettsäuren 0,1% Kalb: Protein 11%, Fettgehalt 8%, Rohasche 2,5%, Rohfaser 0,6%, Calcium 0,23%, Phosphor 0,17%, Omega-3-Fettsäuren 0,1% Lamm: Protein 11%, Fettgehalt 8%, Rohasche 2,5%, Rohfaser 0,6%, Calcium 0,3%, Phosphor 0,25%, Omega-3-Fettsäuren 0,1%. Pansen: Protein 10%, Fettgehalt 6%, Rohasche 2,5%, Rohfaser 0,6%, Calcium 0,2%, Phosphor 0,17%, Omega-3-Fettsäuren 0,1% Zusammensetzung Hühnerherzen: 71% Fleisch und tierische Nebenerzeugnisse (davon 15% Hühnerherzen), Mineralstoffe, Öle und Fette (0,2% Leinöl), pflanzliche Nebenerzeugnisse (0,2% Rübenfaser). Anteil Muskelfleisch 10% Rind: 71% Fleisch und tierische Nebenerzeugnisse (davon 12% Rinderherzen, 12% Rinderlebern, 6% Rinderpansen), Mineralstoffe, Öle und Fette (0,2% Leinöl), pflanzliche Nebenerzeugnisse (0,2% Rübenfaser). Anteil Muskelfleisch 12% Kalb: 71% Fleisch und tierische Nebenerzeugnisse (davon 13% Kalbsherzen, 12% Kalbslunge), Mineralstoffe, Öle und Fette (0,2% Leinöl), pflanzliche Nebenerzeugnisse (0,2% Rübenfaser). Anteil Muskelfleisch 10% Lamm: 71% Fleisch und tierische Nebenerzeugnisse (davon 13% Lammherzen, 12% Lammlunge, 5% Lammpansen), Mineralstoffe, Öle und Fette (0,2% Leinöl), pflanzliche Nebenerzeugnisse (0,2% Rübenfaser). Anteil Muskelfleisch 10% Pansen: 71% Rinderpansen, Mineralstoffe, Öle und Fette (0,2% Leinöl), pflanzliche Nebenerzeugnisse (0,2% Rübenfaser) Feuchtegehalt Hühnerherzen, Rind, Kalb und Lamm: 77% Pansen: 79% Zusatzstoffe pro kg Hühnerherzen:  Vitamin D3 200 IE, Jod (Kalziumjodat, wasserfrei) 0,75mg, Mangan (Mangan(II)-sulfat, Monohydrat) 3mg, Zink (Zinksulfat, Monohydrat) 15mg. Rind:  Vitamin D3 200  IE, Jod (Kalziumjodat, wasserfrei) 0,75mg, Mangan (Mangan(II)-­sulfat, Monohydrat) 3mg, Zink (Zinksulfat, Monohydrat) 15mg Kalb: Vitamin D3 200 IE, Jod (Kalziumjodat, wasserfrei) 0,75mg, Mangan (Mangan(II)-­sulfat, Monohydrat) 3mg, Zink (Zinksulfat, Monohydrat) 15mg Lamm: Vitamin D3 200  IE, Jod (Kalziumjodat, wasserfrei) 0,75mg, Mangan (Mangan(II)-­sulfat, Monohydrat) 3mg, Zink (Zinksulfat, Monohydrat) 15mg Pansen: Vitamin A 3000 IE, Vitamin D3 200 IE, Jod (Kalziumjodat, wasserfrei) 0,75mg, Mangan (Mangan(II)-­sulfat, Monohydrat) 3mg, Zink (Zinksulfat, Monohydrat) 15mg",
  "instock": true,
  "retail_limit": "10x"
},
{
  "_id": {
    "$oid": "66bef411a9267700a3bd022b"
  },
  "unique_id": 1100534,
  "competitor_name": "fressnapf",
  "product_name": "RINTI Gold Adult Fasan 12x185 g",
  "brand": "RINTI",
  "regular_price": 13.49,
  "selling_price": 13.49,
  "price_per_unit": "€6.08/kg",
  "currency": "EUR",
  "breadcrumb": "Heimat > Hund > Hundefutter > Hundenassfutter > RINTI Gold Adult Fasan 12x185 g",
  "pdp_url": "https://www.fressnapf.at/p/rinti-gold-adult-fasan-12x185-g-1100534/",
  "variants": "{'variant': ['Gans', 'Ente', 'Kalb', 'Lamm', 'Rind', 'Geflügelherzen', 'Huhn', 'Wildschwein']}",
  "product_description": "RINTI\nArt.Nr.: 1100534\nRINTI Gold ist eine besonders schmackhaft zubereitete Vollnahrung für kleine Feinschmecker.\nFür kleine Feinschschmecker - jetzt mit noch mehr Fleischstückchen.\nNatürlich ohne Formfleisch, ohne Soja (pflanzliche Eiweißextrakte), und ohne Farb- oder Aromastoffe.\nRINTI Gold - weil Ihr Hund einfach Gold wert ist.\nDie Vorteile im Überblick:\nreich an natürlichen und besonders schmackhaften Fleischstücken\nvoller Vitamine, Mineralstoffe und Spurenelemente\nohne Zusatz von Formfleisch\nwird auch von anspruchsvollen und kleinen Hunden akzeptiert\nin praktischer Ringpull-Dose – auch ideal für unterwegs\nAlleinfuttermittel für Hunde, weitere Informationen erhalten Sie hier:\nkundenservice@finnern.de\nInverkehrbringer\nFinnern GmbH & Co.KG, Bahnhofstr. 11, 27283 Verden",
  "rating": 4.8,
  "review": 409,
  "distributor_address": "Finnern GmbH & Co.KG, Bahnhofstr. 11, 27283 Verden",
  "ingredients": "Analytische Bestandteile Rohprotein 11%, Fettgehalt 6,5%, Rohfaser 0,6%, Rohasche 2,5%, Calcium 0,3%, Phosphor 0,25% Zusammensetzung Fasan 15%, Muskelfleisch, Leber, Lunge, Mineralstoffe Feuchtegehalt 78% Zusatzstoffe pro kg Vitamin D3 200I.E, Vitamin E 20mg, Zink (als Zinkoxid) 13mg",
  "instock": true,
  "retail_limit": "10x"
},
{
  "_id": {
    "$oid": "66bef411a9267700a3bd022c"
  },
  "unique_id": 1311986,
  "competitor_name": "fressnapf",
  "product_name": "PREMIERE Meati Mixpaket 6x800g Mixpaket 4",
  "brand": "PREMIERE",
  "regular_price": 17.29,
  "selling_price": 17.29,
  "price_per_unit": "€3.60/kg",
  "currency": "EUR",
  "breadcrumb": "Heimat > Hund > Hundefutter > Hundenassfutter > PREMIERE Meati Mixpaket 6x800g Mixpaket 4",
  "pdp_url": "https://www.fressnapf.at/p/premiere-meati-mixpaket-6x800g-mixpaket-4-1311986/",
  "product_description": "PREMIERE\nArt.Nr.: 1311986\nFür unsere Fleischliebhaber: PREMIERE Meat Menu ist ein Alleinfuttermittel für ausgewachsene Katzen mit 100% Frischfleisch im Fleischanteil.\nPREMIERE Meati – der pure Fleischgenuss! Ein ausgewogenes Nassfutter mit purem Fleischgenuss für ausgewachsene Hunde. Die hochwertigen Zutaten und eine schonende Verarbeitung garantieren eine ausgezeichnete Verträglichkeit.\n71% Fleisch und Innereien:\nDer hohe Fleischanteil und die saftigen, natürlichen Fleischstücke in PREMIERE Meati machen dieses Produkt so besonders und schmackhaft.\nAbwehrkräfte:\nDie im Leinöl enthaltenen mehrfach ungesättigten Omega-3-Fettsäuren können die körpereigenen Abwehrkräfte unterstützen und zum Zellschutz beitragen.\noptimale Verdauung:\nDurch die in den Rübenfasern enthaltenen Ballaststoffe wird eine optimale Verdauung gefördert.\nDie Mixpakete setzen sich aus folgenden Sorten zusammen:\nMixpaket I: 2 x Hühnerherzen, 1 x Rind, 1 x Kalb; 1 x Lamm, 1 x Pansen\nMixpaket II: 2 x Hühnerherzen, 2 x Kalb; 2 x Lamm\nMixpaket III: 2 x Hühnerherzen, 2 x Rind, 2 x Rentier\nMixpaket IV: 2x Entenherzen, 2 x Rentier, 1 x Wildschwein, 1 x Wildvariationen\n*Schmeckt nicht? Mit unserer\nQualitätsgarantie\nbekommst du dein Geld zurück und suchst dir einfach ein anderes Futter aus.\nAlleinfuttermittel für Hunde, weitere Informationen erhalten Sie hier: info@fressnapf.com\nFütterungsempfehlung\nGewicht des Hundes\nPremiere Meati Wildvariationen\nPremiere Meati Wildschwein\nPremiere Meati Rentier\nPremiere Meati Entenherzen\n10kg\n450g\n400g\n450g\n450g\n15kg\n610g\n550g\n610g\n610g\n20kg\n760g\n700g\n760g\n760g\n25kg\n900g\n800g\n900g\n900g\n30kg\n1030g\n900g\n1030g\n1030g\n35kg\n1160g\n1000g\n1160g\n1160g\n40kg\n1280g\n1150g\n1280g\n1280g\n45kg\n1400g\n1250g\n1400g\n1400g\n50kg\n1510g\n1350g\n1510g\n1510g\n60kg\n1730g\n1550g\n1730g\n1730g\n70kg\n1940g\n1750g\n1940g\n1940g\nInhaltsstoffe\nAnalytische Bestandteile\nEntenherzen: Protein 10,5%, Fettgehalt 5,9%, Rohasche 2,3%, Rohfaser 0,6%, Calcium 0,3%, Phosphor 0,25%, Omega- 3-Fettsäuren 0,28%.\nRentier: Protein 10,5%, Fettgehalt 6,3%, Rohasche 2,3%, Rohfaser 0,6%, Calcium 0,3%, Phosphor 0,25%, Omega-3-Fettsäuren 0,28%.\nWildschwein: Protein 10,8%, Fettgehalt 6,9%, Rohasche 2,3%, Rohfaser 0,6%, Calcium 0,3%, Phosphor 0,25%, Omega-3-Fettsäuren 0,28%.\nWildvariationen: Protein 10,6%, Fettgehalt 6,7%, Rohasche 2,3%, Rohfaser 0,6%, Calcium 0,3%, Phosphor 0,25%, Omega-3-Fettsäuren 0,28%\nZusammensetzung\nEntenherzen: 71% Fleisch und tierische Nebenerzeugnisse (davon 15% Entenherzen), Mineralstoffe, Öle und Fette (0,2% Leinöl), pflanzliche Nebenerzeugnisse (0,2% Rübenfaser). Anteil Muskelfleisch (15%). Rentier: 71% Fleisch und tierische Nebenerzeugnisse (davon 10% Rentierherzen, 5% Rentierlebern, 5% Rentierlungen), Mineralstoffe, Öle und Fette (0,2% Leinöl), pflanzliche Nebenerzeugnisse (0,2% Rübenfaser). Anteil Muskelfleisch (15%). Wildschwein: 71% Fleisch und tierische Nebenerzeugnisse (davon 10% Wildschweinherzen, 5% Wildschweinlebern, 5% Wildschweinlungen), Mineralstoffe, Öle und Fette (0,2% Leinöl), pflanzliche Nebenerzeugnisse (0,2% Rübenfaser). Anteil Muskelfleisch (15%) Wildvariationen: 71% Fleisch und tierische Nebenerzeugnisse (davon 10% Wildherzen, 10% Wildlebern, 10% Wildlungen), Mineralstoffe, Öle und Fette (0,2% Leinöl), pflanzliche Nebenerzeugnisse (0,2% Rübenfaser). Anteil Muskelfleisch (15%).\nFeuchtegehalt\nEntenherzen und Wildvariationen: 78% Rentier und Wildschwein: 77%\nZusatzstoffe pro kg\nEntenherzen: Ernährungsphysiologische Zusatzstoffe: Vitamin D3 200 IE, Jod (Kalziumjodat, wasserfrei) 0,75mg, Mangan (Mangan(II)-sulfat, Monohydrat) 3mg, Zink (Zinksulfat, Monohydrat) 15mg.   Rentier: Ernährungsphysiologische Zusatzstoffe: Vitamin D3 200 IE, Jod (Kalziumjodat, wasserfrei) 0,75mg, Mangan (Mangan(II)-sulfat, Monohydrat) 3mg, Zink (Zinksulfat, Monohydrat) 15mg.  Wildschwein: Ernährungsphysiologische Zusatzstoffe: Vitamin D3 200 IE, Jod (Kalziumjodat, wasserfrei) 0,75mg, Mangan (Mangan(II)-sulfat, Monohydrat) 3mg, Zink (Zinksulfat, Monohydrat) 15mg. Wildvariationen:  Ernährungsphysiologische Zusatzstoffe: Vitamin D3 200 IE, Jod (Kalziumjodat, wasserfrei) 0,75mg, Mangan (Mangan(II)-sulfat, Monohydrat) 3mg, Zink (Zinksulfat, Monohydrat) 15mg\nVersandinformationen\nLieferungen erfolgen ab einem Mindestbestellwert von € 19,00 inkl. Mehrwertsteuer nach Abzug von Rabatten.\nWelche Versandkosten fallen für meine Bestellung an?\nWir berechnen € 2,99 bis zu einem Bestellwert von 29,00 €  – unabhängig von der Anzahl der Artikel und der Versandart.\nLieferungen ab 29,00 € werden mit 0,99 € Versandkosten pro Bestellung berechnet. Bei Bestellungen die ein Gesamtgewicht von 31 kg überschreiten, werden je nach Gewicht zwei oder mehrere Pakete versendet (Maximalgewicht pro Paket 31 kg). Für den erhöhten Versandaufwand berechnen wir einmalig zusätzliche Versandkosten in Höhe von 2,99 € pro Bestellung.\nLieferungen sind grundsätzlich nur innerhalb Österreichs möglich.\nDie Lieferzeit beträgt 1-3 Werktage bei Bestellungen bis 16 Uhr.\nKundenbewertungen und -rezensionen verstehen\nProduktbewertungen\nWie funktionieren Bewertungen in der Fressnapf-Gruppe (einschließlich Maxi Zoo)?\nKundenmeinungen in Form von Produkt- und Sternebewertungen sind dienlich für alle Kunden. Sie ermöglichen mehr über das Produkt zu erfahren und helfen bei Kaufentscheidung. Jeder Kunde, der ein Produkt Online oder im Markt erworben hat, kann eine Bewertung abgeben. Wir beziehen zudem Bewertungen aus Dritt-Quellen, z.B. von Hersteller-Seiten. Die Bewertungsherkunft wird an den jeweiligen Rezension ausgewiesen. Für Fressnapf ist das Meinungsbild seiner Kunden wichtig, um Schwachstellen zu analysieren und die Produktqualität zu verbessern. Alle Bewertungen werden durch unseren Dienstleister Bazaarvoice auf Vertrauenswürdigkeit geprüft. Bewertungsinhalte, die gegen die Nutzungsbedingungen der Fressnapf-Gruppe verstoßen, werden abgelehnt. Sonst erfolgt die Veröffentlichung von positiven wie auch negativen Produktbewertungen.\nHier mehr Informationen rund um Produktbewertungen\n.\nWeitere Informationen zur Verarbeitung Ihrer personenbezogenen Daten entnehmen Sie bitte unseren\nDatenschutzhinweisen\n.",
  "rating": 4.54,
  "review": 412,
  "ingredients": "Analytische Bestandteile Entenherzen: Protein 10,5%, Fettgehalt 5,9%, Rohasche 2,3%, Rohfaser 0,6%, Calcium 0,3%, Phosphor 0,25%, Omega- 3-Fettsäuren 0,28%. Rentier: Protein 10,5%, Fettgehalt 6,3%, Rohasche 2,3%, Rohfaser 0,6%, Calcium 0,3%, Phosphor 0,25%, Omega-3-Fettsäuren 0,28%. Wildschwein: Protein 10,8%, Fettgehalt 6,9%, Rohasche 2,3%, Rohfaser 0,6%, Calcium 0,3%, Phosphor 0,25%, Omega-3-Fettsäuren 0,28%. Wildvariationen: Protein 10,6%, Fettgehalt 6,7%, Rohasche 2,3%, Rohfaser 0,6%, Calcium 0,3%, Phosphor 0,25%, Omega-3-Fettsäuren 0,28% Zusammensetzung Entenherzen: 71% Fleisch und tierische Nebenerzeugnisse (davon 15% Entenherzen), Mineralstoffe, Öle und Fette (0,2% Leinöl), pflanzliche Nebenerzeugnisse (0,2% Rübenfaser). Anteil Muskelfleisch (15%). Rentier: 71% Fleisch und tierische Nebenerzeugnisse (davon 10% Rentierherzen, 5% Rentierlebern, 5% Rentierlungen), Mineralstoffe, Öle und Fette (0,2% Leinöl), pflanzliche Nebenerzeugnisse (0,2% Rübenfaser). Anteil Muskelfleisch (15%). Wildschwein: 71% Fleisch und tierische Nebenerzeugnisse (davon 10% Wildschweinherzen, 5% Wildschweinlebern, 5% Wildschweinlungen), Mineralstoffe, Öle und Fette (0,2% Leinöl), pflanzliche Nebenerzeugnisse (0,2% Rübenfaser). Anteil Muskelfleisch (15%) Wildvariationen: 71% Fleisch und tierische Nebenerzeugnisse (davon 10% Wildherzen, 10% Wildlebern, 10% Wildlungen), Mineralstoffe, Öle und Fette (0,2% Leinöl), pflanzliche Nebenerzeugnisse (0,2% Rübenfaser). Anteil Muskelfleisch (15%). Feuchtegehalt Entenherzen und Wildvariationen: 78% Rentier und Wildschwein: 77% Zusatzstoffe pro kg Entenherzen: Ernährungsphysiologische Zusatzstoffe: Vitamin D3 200 IE, Jod (Kalziumjodat, wasserfrei) 0,75mg, Mangan (Mangan(II)-sulfat, Monohydrat) 3mg, Zink (Zinksulfat, Monohydrat) 15mg.   Rentier: Ernährungsphysiologische Zusatzstoffe: Vitamin D3 200 IE, Jod (Kalziumjodat, wasserfrei) 0,75mg, Mangan (Mangan(II)-sulfat, Monohydrat) 3mg, Zink (Zinksulfat, Monohydrat) 15mg.  Wildschwein: Ernährungsphysiologische Zusatzstoffe: Vitamin D3 200 IE, Jod (Kalziumjodat, wasserfrei) 0,75mg, Mangan (Mangan(II)-sulfat, Monohydrat) 3mg, Zink (Zinksulfat, Monohydrat) 15mg. Wildvariationen:  Ernährungsphysiologische Zusatzstoffe: Vitamin D3 200 IE, Jod (Kalziumjodat, wasserfrei) 0,75mg, Mangan (Mangan(II)-sulfat, Monohydrat) 3mg, Zink (Zinksulfat, Monohydrat) 15mg",
  "instock": true,
  "retail_limit": "10x"
},
{
  "_id": {
    "$oid": "66bef411a9267700a3bd022d"
  },
  "unique_id": 1311984,
  "competitor_name": "fressnapf",
  "product_name": "PREMIERE Meati Mixpaket 6x800g Mixpaket 3",
  "brand": "PREMIERE",
  "regular_price": 17.29,
  "selling_price": 17.29,
  "price_per_unit": "€3.60/kg",
  "currency": "EUR",
  "breadcrumb": "Heimat > Hund > Hundefutter > Hundenassfutter > PREMIERE Meati Mixpaket 6x800g Mixpaket 3",
  "pdp_url": "https://www.fressnapf.at/p/premiere-meati-mixpaket-6x800g-mixpaket-3-1311984/",
  "product_description": "PREMIERE\nArt.Nr.: 1311984\nFür unsere Fleischliebhaber: PREMIERE Meat Menu ist ein Alleinfuttermittel für ausgewachsene Katzen mit 100% Frischfleisch im Fleischanteil.\nPREMIERE Meati – der pure Fleischgenuss! Ein ausgewogenes Nassfutter mit purem Fleischgenuss für ausgewachsene Hunde. Die hochwertigen Zutaten und eine schonende Verarbeitung garantieren eine ausgezeichnete Verträglichkeit.\n71% Fleisch und Innereien:\nDer hohe Fleischanteil und die saftigen, natürlichen Fleischstücke in PREMIERE Meati machen dieses Produkt so besonders und schmackhaft.\nAbwehrkräfte:\nDie im Leinöl enthaltenen mehrfach ungesättigten Omega-3-Fettsäuren können die körpereigenen Abwehrkräfte unterstützen und zum Zellschutz beitragen.\noptimale Verdauung:\nDurch die in den Rübenfasern enthaltenen Ballaststoffe wird eine optimale Verdauung gefördert.\nDie Mixpakete setzen sich aus folgenden Sorten zusammen:\nMixpaket I: 2 x Hühnerherzen, 1 x Rind, 1 x Kalb; 1 x Lamm, 1 x Pansen\nMixpaket II: 2 x Hühnerherzen, 2 x Kalb; 2 x Lamm\nMixpaket III: 2 x Hühnerherzen, 2 x Rind, 2 x Rentier\nMixpaket IV: 2x Entenherzen, 2 x Rentier, 1 x Wildschwein, 1 x Wildvariationen\n*Schmeckt nicht? Mit unserer\nQualitätsgarantie\nbekommst du dein Geld zurück und suchst dir einfach ein anderes Futter aus.\nAlleinfuttermittel für Hunde, weitere Informationen erhalten Sie hier: info@fressnapf.com\nFütterungsempfehlung\nGewicht des Hundes\nPremiere Meati Hühnerherzen\nPremiere Meati Rentier\nPremiere Meati Rind\n10kg\n400g\n450g\n400g\n15kg\n550g\n610g\n550g\n20kg\n700g\n760g\n700g\n25kg\n800g\n900g\n800g\n30kg\n900g\n1030g\n900g\n35kg\n1000g\n1160g\n1000g\n40kg\n1150g\n1280g\n1150g\n45kg\n1250g\n1400g\n1250g\n50kg\n1350g\n1510g\n1350g\n60kg\n1550g\n1730g\n1550g\n70kg\n1750g\n1940g\n1750g\nInhaltsstoffe\nAnalytische Bestandteile\nHühnerherzen: Protein 11%, Fettgehalt 8%, Rohasche 2,5%, Rohfaser 0,6%, Calcium 0,3%, Phosphor 0,25%, Omega-3-Fettsäuren 0,1%.\nRind:Protein 11%, Fettgehalt 8%, Rohasche 2,5%, Rohfaser 0,6%, Calcium 0,3%, Phosphor 0,25%, Omega-3-Fettsäuren 0,1%.\nRentier: Protein 10,5%, Fettgehalt 6,3%, Rohasche 2,3%, Rohfaser 0,6%, Calcium 0,3%, Phosphor 0,25%, Omega-3-Fettsäuren 0,28%.\nZusammensetzung\nHühnerherzen: 71% Fleisch und tierische Nebenerzeugnisse (davon 15% Hühnerherzen), Mineralstoffe, Öle und Fette (0,2% Leinöl), pflanzliche Nebenerzeugnisse (0,2% Rübenfaser). Anteil Muskelfleisch 10% Rind:71% Fleisch und tierische Nebenerzeugnisse (davon 12% Rinderherzen, 12% Rinderlebern, 6% Rinderpansen), Mineralstoffe, Öle und Fette (0,2% Leinöl), pflanzliche Nebenerzeugnisse (0,2% Rübenfaser). Anteil Muskelfleisch 12% Rentier: 71% Fleisch und tierische Nebenerzeugnisse (davon 10% Rentierherzen, 5% Rentierlebern, 5% Rentierlungen), Mineralstoffe, Öle und Fette (0,2% Leinöl), pflanzliche Nebenerzeugnisse (0,2% Rübenfaser). Anteil Muskelfleisch (15%).\nFeuchtegehalt\n77%\nZusatzstoffe pro kg\nHühnerherzen: Ernährungsphysiologische Zusatzstoffe: Vitamin D3 200 IE, Jod (Kalziumjodat, wasserfrei) 0,75mg, Mangan (Mangan(II)-sulfat, Monohydrat) 3mg, Zink (Zinksulfat, Monohydrat) 15mg. Rind: Ernährungsphysiologische Zusatzstoffe: Vitamin D3 200  IE, Jod (Kalziumjodat, wasserfrei) 0,75mg, Mangan (Mangan(II)-­sulfat, Monohydrat) 3mg, Zink (Zinksulfat, Monohydrat) 15mg Rentier: Ernährungsphysiologische Zusatzstoffe: Vitamin D3 200 IE, Jod (Kalziumjodat, wasserfrei) 0,75mg, Mangan (Mangan(II)-sulfat, Monohydrat) 3mg, Zink (Zinksulfat, Monohydrat) 15mg.\nVersandinformationen\nLieferungen erfolgen ab einem Mindestbestellwert von € 19,00 inkl. Mehrwertsteuer nach Abzug von Rabatten.\nWelche Versandkosten fallen für meine Bestellung an?\nWir berechnen € 2,99 bis zu einem Bestellwert von 29,00 €  – unabhängig von der Anzahl der Artikel und der Versandart.\nLieferungen ab 29,00 € werden mit 0,99 € Versandkosten pro Bestellung berechnet. Bei Bestellungen die ein Gesamtgewicht von 31 kg überschreiten, werden je nach Gewicht zwei oder mehrere Pakete versendet (Maximalgewicht pro Paket 31 kg). Für den erhöhten Versandaufwand berechnen wir einmalig zusätzliche Versandkosten in Höhe von 2,99 € pro Bestellung.\nLieferungen sind grundsätzlich nur innerhalb Österreichs möglich.\nDie Lieferzeit beträgt 1-3 Werktage bei Bestellungen bis 16 Uhr.\nKundenbewertungen und -rezensionen verstehen\nProduktbewertungen\nWie funktionieren Bewertungen in der Fressnapf-Gruppe (einschließlich Maxi Zoo)?\nKundenmeinungen in Form von Produkt- und Sternebewertungen sind dienlich für alle Kunden. Sie ermöglichen mehr über das Produkt zu erfahren und helfen bei Kaufentscheidung. Jeder Kunde, der ein Produkt Online oder im Markt erworben hat, kann eine Bewertung abgeben. Wir beziehen zudem Bewertungen aus Dritt-Quellen, z.B. von Hersteller-Seiten. Die Bewertungsherkunft wird an den jeweiligen Rezension ausgewiesen. Für Fressnapf ist das Meinungsbild seiner Kunden wichtig, um Schwachstellen zu analysieren und die Produktqualität zu verbessern. Alle Bewertungen werden durch unseren Dienstleister Bazaarvoice auf Vertrauenswürdigkeit geprüft. Bewertungsinhalte, die gegen die Nutzungsbedingungen der Fressnapf-Gruppe verstoßen, werden abgelehnt. Sonst erfolgt die Veröffentlichung von positiven wie auch negativen Produktbewertungen.\nHier mehr Informationen rund um Produktbewertungen\n.\nWeitere Informationen zur Verarbeitung Ihrer personenbezogenen Daten entnehmen Sie bitte unseren\nDatenschutzhinweisen\n.",
  "rating": 4.54,
  "review": 412,
  "ingredients": "Analytische Bestandteile Hühnerherzen: Protein 11%, Fettgehalt 8%, Rohasche 2,5%, Rohfaser 0,6%, Calcium 0,3%, Phosphor 0,25%, Omega-3-Fettsäuren 0,1%. Rind:Protein 11%, Fettgehalt 8%, Rohasche 2,5%, Rohfaser 0,6%, Calcium 0,3%, Phosphor 0,25%, Omega-3-Fettsäuren 0,1%. Rentier: Protein 10,5%, Fettgehalt 6,3%, Rohasche 2,3%, Rohfaser 0,6%, Calcium 0,3%, Phosphor 0,25%, Omega-3-Fettsäuren 0,28%. Zusammensetzung Hühnerherzen: 71% Fleisch und tierische Nebenerzeugnisse (davon 15% Hühnerherzen), Mineralstoffe, Öle und Fette (0,2% Leinöl), pflanzliche Nebenerzeugnisse (0,2% Rübenfaser). Anteil Muskelfleisch 10% Rind:71% Fleisch und tierische Nebenerzeugnisse (davon 12% Rinderherzen, 12% Rinderlebern, 6% Rinderpansen), Mineralstoffe, Öle und Fette (0,2% Leinöl), pflanzliche Nebenerzeugnisse (0,2% Rübenfaser). Anteil Muskelfleisch 12% Rentier: 71% Fleisch und tierische Nebenerzeugnisse (davon 10% Rentierherzen, 5% Rentierlebern, 5% Rentierlungen), Mineralstoffe, Öle und Fette (0,2% Leinöl), pflanzliche Nebenerzeugnisse (0,2% Rübenfaser). Anteil Muskelfleisch (15%). Feuchtegehalt 77% Zusatzstoffe pro kg Hühnerherzen: Ernährungsphysiologische Zusatzstoffe: Vitamin D3 200 IE, Jod (Kalziumjodat, wasserfrei) 0,75mg, Mangan (Mangan(II)-sulfat, Monohydrat) 3mg, Zink (Zinksulfat, Monohydrat) 15mg. Rind: Ernährungsphysiologische Zusatzstoffe: Vitamin D3 200  IE, Jod (Kalziumjodat, wasserfrei) 0,75mg, Mangan (Mangan(II)-­sulfat, Monohydrat) 3mg, Zink (Zinksulfat, Monohydrat) 15mg Rentier: Ernährungsphysiologische Zusatzstoffe: Vitamin D3 200 IE, Jod (Kalziumjodat, wasserfrei) 0,75mg, Mangan (Mangan(II)-sulfat, Monohydrat) 3mg, Zink (Zinksulfat, Monohydrat) 15mg.",
  "instock": true,
  "retail_limit": "10x"
},
{
  "_id": {
    "$oid": "66bef411a9267700a3bd022e"
  },
  "unique_id": 1248511001,
  "competitor_name": "fressnapf",
  "product_name": "PREMIERE Sensitive Adult Lamm 12.5 kg",
  "brand": "PREMIERE",
  "regular_price": 49.99,
  "selling_price": 49.99,
  "price_per_unit": "€4.00/kg",
  "currency": "EUR",
  "breadcrumb": "Heimat > Hund > Hundefutter > Hundetrockenfutter > PREMIERE Sensitive Adult Lamm 12,5 kg",
  "pdp_url": "https://www.fressnapf.at/p/premiere-sensitive-adult-lamm-125-kg-1248511001/",
  "product_description": "PREMIERE\nArt.Nr.: 1248511001\nPREMIERE Sensitive enthält einen hohen Anteil an Lamm (25%) und daher auch viele wertvolle Proteine.\nEs eignet sich besonders für ernährungssensible Hunde.\nDas in PREMIERE Sensitive enthaltene Glucosamin sowie Chondroitin können die Festigung der Gelenkknorpel unterstützen; Calcium, Phosphor und Vitamin D sorgen für starke Knochen.\nYucca schidigera kann auf natürliche Weise zur Verminderung unangenehmer Eigengerüche von Hunden beitragen.\nTaurin ist wichtig für die Herzfunktion.\nDie Vorteile im Überblick:\nausgewogene Rezeptur mit Lamm, ohne Gluten enthaltendes Getreide\nbesonders geeignet für ernährungssensible Hunde\nwertvolle Omega-3- und-6-Fettsäuren können eine schöne Haut und ein glänzendes Fell unterstützen\nerlesene Kräuter, prebiotisches Inulin und Vitamin C können zur Stärkung der Darmflora und der natürlichen Abwehrkräfte beitragen\nTaurin ist wichtig für die Herzfunktion\n*Schmeckt nicht? Mit unserer\nQualitätsgarantie\nbekommst du dein Geld zurück und suchst dir einfach ein anderes Futter aus.\nAlleinfuttermittel für ausgewachsene, ernährungssensible Hunde. Weitere Informationen erhalten Sie hier:\ninfo@fressnapf.com\nInverkehrbringer\nMultiFit Tiernahrungs GmbH, Westpreußenstr. 32-38, 47809 Krefeld\nFütterungsempfehlung\nGewicht des Hundes\nnormaler Bedarf\nerhöhter Bedarf\nGewicht des Hundes\nEmpfohlene Futtermenge pro Tag\nEmpfohlene Futtermenge pro Tag\n5kg\n76g\n95g\n10kg\n128g\n160g\n15kg\n173g\n217g\n20kg\n215g\n269g\n25kg\n254g\n318g\n30kg\n292g\n365g\n40kg\n362g\n452g\n50kg\n428g\n535g\n60kg\n491g\n613g\nInhaltsstoffe\nAnalytische Bestandteile\nProtein 20,5%, Fettgehalt 9%, Rohasche 7,5%, Rohfaser 4%, Calcium 2%, Phosphor 1,2%, Omega-3-Fettsäuren 0,4%, Omega-6-Fettsäuren 1%\nZusammensetzung\nGetrocknetes Lammprotein 19%, Reis 19%, Reismehl 15%, Erbsen, getrocknete Kartoffelpülpe 13%, Lammfleisch 5,6%, Rübentrockenschnitzel, Geflügelfett, hydrolysierte Tierproteine (Leber,Herz)1,5%, Leinsaat 1,4%, Bierhefe 0,5%, getrocknete Zichorienpülpe 0,2%, (mit Inulin 0,1%), Lachsöl 0,2%, Sonnenblumenöl 0,1%, Yucca schidigera 0,1%, Glucosamin 0,01%, Majoran 0,008%, Thymian 0,008%, Salbei 0,008%, Petersilie 0,008%, Oregano 0,008%, Chondroitinsulfat 0,005%\nZusatzstoffe pro kg\nVitamin A 12000 IE, Vitamin C (L-Ascorbinsäure) 250mg, Vitamin D3 1200 IE, Vitamin E (all-rac-alpha-Tocopherylacetat) 250mg, Taurin 500mg, Kupfer (Kupfer(II)-sulfat, Pentahydrat) 10mg, Eisen (Eisencarbonat) 150mg, Jod (Kalziumjodat, wasserfrei) 1,5mg, Mangan (Mangan(II)-oxid) 14mg, Selen (Selenmethionin aus Sacharomyces cerevisiae) 0,09mg, Zink (Zinkoxid) 65mg\nVersandinformationen\nLieferungen erfolgen ab einem Mindestbestellwert von € 19,00 inkl. Mehrwertsteuer nach Abzug von Rabatten.\nWelche Versandkosten fallen für meine Bestellung an?\nWir berechnen € 2,99 bis zu einem Bestellwert von 29,00 €  – unabhängig von der Anzahl der Artikel und der Versandart.\nLieferungen ab 29,00 € werden mit 0,99 € Versandkosten pro Bestellung berechnet. Bei Bestellungen die ein Gesamtgewicht von 31 kg überschreiten, werden je nach Gewicht zwei oder mehrere Pakete versendet (Maximalgewicht pro Paket 31 kg). Für den erhöhten Versandaufwand berechnen wir einmalig zusätzliche Versandkosten in Höhe von 2,99 € pro Bestellung.\nLieferungen sind grundsätzlich nur innerhalb Österreichs möglich.\nDie Lieferzeit beträgt 1-3 Werktage bei Bestellungen bis 16 Uhr.\nKundenbewertungen und -rezensionen verstehen\nProduktbewertungen\nWie funktionieren Bewertungen in der Fressnapf-Gruppe (einschließlich Maxi Zoo)?\nKundenmeinungen in Form von Produkt- und Sternebewertungen sind dienlich für alle Kunden. Sie ermöglichen mehr über das Produkt zu erfahren und helfen bei Kaufentscheidung. Jeder Kunde, der ein Produkt Online oder im Markt erworben hat, kann eine Bewertung abgeben. Wir beziehen zudem Bewertungen aus Dritt-Quellen, z.B. von Hersteller-Seiten. Die Bewertungsherkunft wird an den jeweiligen Rezension ausgewiesen. Für Fressnapf ist das Meinungsbild seiner Kunden wichtig, um Schwachstellen zu analysieren und die Produktqualität zu verbessern. Alle Bewertungen werden durch unseren Dienstleister Bazaarvoice auf Vertrauenswürdigkeit geprüft. Bewertungsinhalte, die gegen die Nutzungsbedingungen der Fressnapf-Gruppe verstoßen, werden abgelehnt. Sonst erfolgt die Veröffentlichung von positiven wie auch negativen Produktbewertungen.\nHier mehr Informationen rund um Produktbewertungen\n.\nWeitere Informationen zur Verarbeitung Ihrer personenbezogenen Daten entnehmen Sie bitte unseren\nDatenschutzhinweisen\n.",
  "rating": 4.71,
  "review": 56,
  "distributor_address": "MultiFit Tiernahrungs GmbH, Westpreußenstr. 32-38, 47809 Krefeld",
  "ingredients": "Analytische Bestandteile Protein 20,5%, Fettgehalt 9%, Rohasche 7,5%, Rohfaser 4%, Calcium 2%, Phosphor 1,2%, Omega-3-Fettsäuren 0,4%, Omega-6-Fettsäuren 1% Zusammensetzung Getrocknetes Lammprotein 19%, Reis 19%, Reismehl 15%, Erbsen, getrocknete Kartoffelpülpe 13%, Lammfleisch 5,6%, Rübentrockenschnitzel, Geflügelfett, hydrolysierte Tierproteine (Leber,Herz)1,5%, Leinsaat 1,4%, Bierhefe 0,5%, getrocknete Zichorienpülpe 0,2%, (mit Inulin 0,1%), Lachsöl 0,2%, Sonnenblumenöl 0,1%, Yucca schidigera 0,1%, Glucosamin 0,01%, Majoran 0,008%, Thymian 0,008%, Salbei 0,008%, Petersilie 0,008%, Oregano 0,008%, Chondroitinsulfat 0,005% Zusatzstoffe pro kg Vitamin A 12000 IE, Vitamin C (L-Ascorbinsäure) 250mg, Vitamin D3 1200 IE, Vitamin E (all-rac-alpha-Tocopherylacetat) 250mg, Taurin 500mg, Kupfer (Kupfer(II)-sulfat, Pentahydrat) 10mg, Eisen (Eisencarbonat) 150mg, Jod (Kalziumjodat, wasserfrei) 1,5mg, Mangan (Mangan(II)-oxid) 14mg, Selen (Selenmethionin aus Sacharomyces cerevisiae) 0,09mg, Zink (Zinkoxid) 65mg",
  "instock": true,
  "retail_limit": "10x"
},
{
  "_id": {
    "$oid": "66bef411a9267700a3bd022f"
  },
  "unique_id": 1248511002,
  "competitor_name": "fressnapf",
  "product_name": "PREMIERE Sensitive Adult Lachs 12.5 kg",
  "brand": "PREMIERE",
  "regular_price": 49.99,
  "selling_price": 49.99,
  "price_per_unit": "€4.00/kg",
  "currency": "EUR",
  "breadcrumb": "Heimat > Hund > Hundefutter > Hundetrockenfutter > PREMIERE Sensitive Adult Lachs 12,5 kg",
  "pdp_url": "https://www.fressnapf.at/p/premiere-sensitive-adult-lachs-125-kg-1248511002/",
  "product_description": "PREMIERE\nArt.Nr.: 1248511002\nPREMIERE Sensitive enthält einen hohen Anteil an Lachs (24%) und daher auch viele wertvolle Proteine.\nEs eignet sich besonders für ernährungssensible Hunde.\nDas in PREMIERE Sensitive enthaltene Glucosamin sowie Chondroitin können die Festigung der Gelenkknorpel unterstützen; Calcium, Phosphor und Vitamin D sorgen für starke Knochen.\nYucca schidigera kann auf natürliche Weise zur Verminderung unangenehmer Eigengerüche von Hunden beitragen.\nTaurin ist wichtig für die Herzfunktion.\nDie Vorteile im Überblick:\nausgewogene Rezeptur mit Lachs, ohne Gluten enthaltendes Getreide\nbesonders geeignet für ernährungssensible Hunde\nwertvolle Omega-3- und-6-Fettsäuren können eine schöne Haut und ein glänzendes Fell unterstützen\nerlesene Kräuter, prebiotisches Inulin und Vitamin C können zur Stärkung der Darmflora und der natürlichen Abwehrkräfte beitragen\nTaurin ist wichtig für die Herzfunktion\n*Schmeckt nicht? Mit unserer\nQualitätsgarantie\nbekommst du dein Geld zurück und suchst dir einfach ein anderes Futter aus.\nAlleinfuttermittel für ausgewachsene, ernährungssensible Hunde. Weitere Informationen erhalten Sie hier:\ninfo@fressnapf.com\nInverkehrbringer\nMultiFit Tiernahrungs GmbH, Westpreußenstr. 32-38, 47809 Krefeld\nFütterungsempfehlung\nGewicht des Hundes\nnormaler Bedarf\nerhöhter Bedarf\nGewicht des Hundes\nEmpfohlene Futtermenge pro Tag\nEmpfohlene Futtermenge pro Tag\n5kg\n75g\n93g\n10kg\n125g\n157g\n15kg\n170g\n212g\n20kg\n211g\n264g\n25kg\n249g\n312g\n30kg\n286g\n357g\n40kg\n355g\n443g\n50kg\n419g\n524g\n60kg\n481g\n601g\nInhaltsstoffe\nAnalytische Bestandteile\nProtein 20,5%, Fettgehalt 9%, Rohasche 5,5%, Rohfaser 4%, Calcium 1,3%, Phosphor 0,8%, Omega-3-Fettsäuren 1,1%, Omega-6-Fettsäuren 1,6%\nZusammensetzung\nLachsmehl 20%, Reis 20%, Erbsen, getrocknete Kartoffelpülpe 13,7%, Reismehl 13,5%, Rübentrockenschnitzel, Lachs 4%, Geflügelfett, hydrolysierte Tierproteine (Leber,Herz)1,5%, Leinsaat 1,4%, Bierhefe 0,5%, getrocknete Zichorienpülpe 0,2%, (mit Inulin 0,1%), Lachsöl 0,2%, Sonnenblumenöl 0,1%, Yucca schidigera 0,1%, Glucosamin 0,01%, Majoran 0,008%, Thymian 0,008%, Salbei 0,008%, Petersilie 0,008%, Oregano 0,008%, Chondroitinsulfat 0,005%\nZusatzstoffe pro kg\nVitamin A 12000 IE, Vitamin C (L-Ascorbinsäure) 250mg, Vitamin D3 1200 IE, Vitamin E (all-rac-alpha-Tocopherylacetat) 250mg, Taurin 500mg, Kupfer (Kupfer(II)-sulfat, Pentahydrat) 10mg, Eisen (Eisencarbonat) 150mg, Jod (Kalziumjodat, wasserfrei) 1,5mg, Mangan (Mangan(II)-oxid) 14mg, Selen (Selenmethionin aus Sacharomyces cerevisiae) 0,09mg, Zink (Zinkoxid) 65mg\nVersandinformationen\nLieferungen erfolgen ab einem Mindestbestellwert von € 19,00 inkl. Mehrwertsteuer nach Abzug von Rabatten.\nWelche Versandkosten fallen für meine Bestellung an?\nWir berechnen € 2,99 bis zu einem Bestellwert von 29,00 €  – unabhängig von der Anzahl der Artikel und der Versandart.\nLieferungen ab 29,00 € werden mit 0,99 € Versandkosten pro Bestellung berechnet. Bei Bestellungen die ein Gesamtgewicht von 31 kg überschreiten, werden je nach Gewicht zwei oder mehrere Pakete versendet (Maximalgewicht pro Paket 31 kg). Für den erhöhten Versandaufwand berechnen wir einmalig zusätzliche Versandkosten in Höhe von 2,99 € pro Bestellung.\nLieferungen sind grundsätzlich nur innerhalb Österreichs möglich.\nDie Lieferzeit beträgt 1-3 Werktage bei Bestellungen bis 16 Uhr.\nKundenbewertungen und -rezensionen verstehen\nProduktbewertungen\nWie funktionieren Bewertungen in der Fressnapf-Gruppe (einschließlich Maxi Zoo)?\nKundenmeinungen in Form von Produkt- und Sternebewertungen sind dienlich für alle Kunden. Sie ermöglichen mehr über das Produkt zu erfahren und helfen bei Kaufentscheidung. Jeder Kunde, der ein Produkt Online oder im Markt erworben hat, kann eine Bewertung abgeben. Wir beziehen zudem Bewertungen aus Dritt-Quellen, z.B. von Hersteller-Seiten. Die Bewertungsherkunft wird an den jeweiligen Rezension ausgewiesen. Für Fressnapf ist das Meinungsbild seiner Kunden wichtig, um Schwachstellen zu analysieren und die Produktqualität zu verbessern. Alle Bewertungen werden durch unseren Dienstleister Bazaarvoice auf Vertrauenswürdigkeit geprüft. Bewertungsinhalte, die gegen die Nutzungsbedingungen der Fressnapf-Gruppe verstoßen, werden abgelehnt. Sonst erfolgt die Veröffentlichung von positiven wie auch negativen Produktbewertungen.\nHier mehr Informationen rund um Produktbewertungen\n.\nWeitere Informationen zur Verarbeitung Ihrer personenbezogenen Daten entnehmen Sie bitte unseren\nDatenschutzhinweisen\n.",
  "rating": 4.79,
  "review": 62,
  "distributor_address": "MultiFit Tiernahrungs GmbH, Westpreußenstr. 32-38, 47809 Krefeld",
  "ingredients": "Analytische Bestandteile Protein 20,5%, Fettgehalt 9%, Rohasche 5,5%, Rohfaser 4%, Calcium 1,3%, Phosphor 0,8%, Omega-3-Fettsäuren 1,1%, Omega-6-Fettsäuren 1,6% Zusammensetzung Lachsmehl 20%, Reis 20%, Erbsen, getrocknete Kartoffelpülpe 13,7%, Reismehl 13,5%, Rübentrockenschnitzel, Lachs 4%, Geflügelfett, hydrolysierte Tierproteine (Leber,Herz)1,5%, Leinsaat 1,4%, Bierhefe 0,5%, getrocknete Zichorienpülpe 0,2%, (mit Inulin 0,1%), Lachsöl 0,2%, Sonnenblumenöl 0,1%, Yucca schidigera 0,1%, Glucosamin 0,01%, Majoran 0,008%, Thymian 0,008%, Salbei 0,008%, Petersilie 0,008%, Oregano 0,008%, Chondroitinsulfat 0,005% Zusatzstoffe pro kg Vitamin A 12000 IE, Vitamin C (L-Ascorbinsäure) 250mg, Vitamin D3 1200 IE, Vitamin E (all-rac-alpha-Tocopherylacetat) 250mg, Taurin 500mg, Kupfer (Kupfer(II)-sulfat, Pentahydrat) 10mg, Eisen (Eisencarbonat) 150mg, Jod (Kalziumjodat, wasserfrei) 1,5mg, Mangan (Mangan(II)-oxid) 14mg, Selen (Selenmethionin aus Sacharomyces cerevisiae) 0,09mg, Zink (Zinkoxid) 65mg",
  "instock": true,
  "retail_limit": "10x"
},
{
  "_id": {
    "$oid": "66bef411a9267700a3bd0230"
  },
  "unique_id": 1238948,
  "competitor_name": "fressnapf",
  "product_name": "Bunny Bedding Absorber 20 l",
  "brand": "Bunny",
  "regular_price": 14.99,
  "selling_price": 14.99,
  "price_per_unit": "€0.75/l",
  "currency": "EUR",
  "breadcrumb": "Heimat > Kleintier > Kleintierheim > Streu & Stroh > Bunny Bedding Absorber 20 l",
  "pdp_url": "https://www.fressnapf.at/p/bunny-bedding-absorber-20-l-1238948/",
  "product_description": "Bunny\nArt.Nr.: 1238948\nBunnyBedding Absorber ist die ideale Unterstreu mit maximaler Saugkraft.\nDer Absorber hält, was sein Name verspricht: Hohes Aufnahmevolumen und zuverlässig geruchsbindend.\nDie Unterstreu ist zuverlässig geruchsbindend und extrem saugstark. Mit einem Überstreu kombiniet ist Absorber der ideale Einstreupartner, um dauerhaft ein angenehmes Raumklima zu schaffen und für die trockenste Streu für Wochen zu sorgen.\nAnwendungsempfehlung:\nBunny Bedding Absorber direkt auf den Käfigboden in einer Höhe von ca. 2cm einstreuen.\nEntsorgung: über Biotonne oder Hausmüll (regionale Entsorgungsvorschriften beachten), kompostierbar. Trocken lagern.\nZusammensetzung: Strohpellets, Weichholz-Granulat, Kiefern-Kernholz\nInverkehrbringer\nBunny Tierernährung GmbH, Krukumer Str. 37, 49328 Melle",
  "rating": 4.94,
  "review": 16,
  "distributor_address": "Bunny Tierernährung GmbH, Krukumer Str. 37, 49328 Melle",
  "instock": true,
  "retail_limit": "10x"
},
{
  "_id": {
    "$oid": "66bef411a9267700a3bd0231"
  },
  "unique_id": 1244762,
  "competitor_name": "fressnapf",
  "product_name": "REAL NATURE Adult Mixpaket 6x800g Mixpaket 1",
  "brand": "REAL NATURE",
  "regular_price": 23.94,
  "selling_price": 23.94,
  "price_per_unit": "€4.99/kg",
  "currency": "EUR",
  "breadcrumb": "Heimat > Hund > Hundefutter > Hundenassfutter > REAL NATURE Adult Mixpaket 6x800g Mixpaket 1",
  "pdp_url": "https://www.fressnapf.at/p/real-nature-adult-mixpaket-6x800g-mixpaket-1-1244762/",
  "product_description": "REAL NATURE\nArt.Nr.: 1244762\nMixpaket mit verschiedenen Sorten - ideal zum Probieren und für mehr Abwechslung!\nREAL NATURE gibt das Beste aus der Natur weiter. Alle Zutaten werden gewissenhaft ausgewählt, um den höchsten Qualitätsanforderungen gerecht zu werden.\nMixpaket 1:\n2 x Hirsch & Huhn mit Pute, 800g\n2 x Rind mit Kartoffeln, 800g\n1 x Lamm & Rind, 800 g\n1 x Nordmeerhering & Huhn 800g\nMixpaket 2:\n2 x Kalbsherzen & Huhn, 800g\n2 x Rind mit ital. Schinken, 800g\n1 x Lamm mit Kartoffeln, 800g\n1 x Schaf & Huhn mit Ente, 800g\nREAL NATURE Alleinfuttermittel ist durch Kaltabfüllung besonders schonend verarbeitet, enthält kein Tier- und Knochenmehl und keine künstlichen Zusatz- und Konservierungsstoffe. Ehrliche Deklaration. Was drin ist, steht auch drauf!\nDie hochqualitative Vollnahrung enthält ein, zwei oder maximal drei verschiedene tierische Proteinquellen, hochwertigste pflanzliche Komponenten wie Kartoffeln oder Vollkornnudeln und wertvolle Öle, deren essenzielle Omega-6-Fettsäuren zur Haut- und Fellgesundheit beitragen können.\nDie Vorteile im Überblick:\n100% natürlich1: naturbelassene Zutaten höchster Qualität, in den eingesetzten Rohstoffen\nkeine Zusatzstoffe wie Zucker, Farbstoffe, Aromastoffe oder Konservierungsmittel\nSchutz der natürlichen Nährwerte ohne Tier- und Knochenmehl\nschonende Zubereitung\nMöchtest du mehr über die Produkte von REAL NATURE für Hunde erfahren? Tauche\nhier\nin die Welt der Produktvielfalt von REAL NATURE ein!\nAlleinfuttermittel für Hunde. Geeignet für ausgewachsene Hunde ab dem 9. bzw. 25. Lebensmonat bis zum 6. bzw. 8. Lebensjahr, je nach Rasse und Größe.\nAlle Informationen zum Alleinfuttermittel für erwachsene Hunde und anderen REAL NATURE Produkten erhalten Sie im PDF Download oder hier: info@fressnapf.com\nMehr Produktinfos\nInverkehrbringer\nMultiFit Tiernahrungs GmbH, Westpreußenstr. 32-38, 47809 Krefeld",
  "rating": 4.67,
  "review": 280,
  "distributor_address": "MultiFit Tiernahrungs GmbH, Westpreußenstr. 32-38, 47809 Krefeld",
  "ingredients": "Analytische Bestandteile Hirsch & Huhn: 14% Protein, 6% Fettgehalt, 1,5% Rohasche, 0,4% Rohfaser, 0,35% Calcium, 0,3% Phosphor. Rind & Kartoffel: 11,5% Protein, 5,5% Fettgehalt, 1,7% Rohasche, 0,5% Rohfaser, 0,31% Calcium, 0,25% Phosphor. Lamm & Rind: 13,5% Protein, 6,5% Fettgehalt, 1,6% Rohasche, 0,4% Rohfaser, 0,32% Calcium, 0,28% Phosphor. Nordmeerhering & Huhn: 12,2% Protein, 6,9% Fettgehalt, 2,2% Rohasche, 0,4% Rohfaser, 0,32% Calcium, 0,3% Phosphor. Zusammensetzung Hirsch & Huhn: 34% Hirsch (aus Fleisch, Lebern), 26% Huhn (aus Herzen, Fleisch, Mägen, Lebern), 25,5% Hirsch-, Hühner- und Putenfleischbrühe, 8% Putenherzen, 5% Vollkornnudeln, 1% Mineralstoffe, 0,5% Leinöl.Rind & Kartoffel: 68% Rind (aus Fleisch, Herzen, Lungen, Lebern, Nieren, Kehlköpfen), 25,5% Rindfleischbrühe, 5% Kartoffeln, 1% Mineralstoffe, 0,5% Schwarzkümmelöl.Lamm & Rind: 34% Lamm (aus Lungen, Lebern, Pansen, Herzen, Fleisch), 34% Rind (aus Fleisch, Herzen, Lungen, Lebern, Nieren, Kehlköpfen), 25,5% Lamm- und Rindfleischbrühe, 5% Naturreis, 1% Mineralstoffe, 0,5% Weizenkeimöl.Nordmeerhering & Huhn: 42% Huhn (aus Fleisch, Lebern, Herzen, Mägen, Hälsen), 26% Heringsfilet, 25,5% Herings- und Hühnerfleischbrühe, 5% Naturreis, 1% Mineralstoffe, 0,5% Lachsöl. Feuchtegehalt Hirsch  Huhn: 74%Rind  Kartoffel: 73%Lamm  Rind: 74%Nordmeerhering  Huhn: 76% Zusatzstoffe pro kg Vitamine: 200 IE Vitamin. D3, 30mg Vitamin E. Spurenelemente: 0,75mg Jod (Calciumjodat, wasserfrei), 3mg Mangan (Mangan-(II)-sulfat, Monohydrat), 0,03mg Selen (Natriumselenit), 15mg Zink (Zinksulfat, Monohydrat).",
  "instock": true,
  "retail_limit": "10x"
},
{
  "_id": {
    "$oid": "66bef411a9267700a3bd0232"
  },
  "unique_id": 1244893,
  "competitor_name": "fressnapf",
  "product_name": "Bunny Bedding Absorber 2x20 l",
  "brand": "Bunny",
  "regular_price": 26.99,
  "selling_price": 26.99,
  "price_per_unit": "€0.67/l",
  "currency": "EUR",
  "breadcrumb": "Heimat > Kleintier > Kleintierheim > Streu & Stroh > Bunny Bedding Absorber 2x20 l",
  "pdp_url": "https://www.fressnapf.at/p/bunny-bedding-absorber-2x20-l-1244893/",
  "product_description": "Bunny\nArt.Nr.: 1244893\nBunnyBedding Absorber ist die ideale Unterstreu mit maximaler Saugkraft.\nDer Absorber hält, was sein Name verspricht: Hohes Aufnahmevolumen und zuverlässig geruchsbindend.\nDie Unterstreu ist zuverlässig geruchsbindend und extrem saugstark. Mit einem Überstreu kombiniet ist Absorber der ideale Einstreupartner, um dauerhaft ein angenehmes Raumklima zu schaffen und für die trockenste Streu für Wochen zu sorgen.\nAnwendungsempfehlung:\nBunny Bedding Absorber direkt auf den Käfigboden in einer Höhe von ca. 2cm einstreuen.\nEntsorgung: über Biotonne oder Hausmüll (regionale Entsorgungsvorschriften beachten), kompostierbar. Trocken lagern.\nZusammensetzung: Strohpellets, Weichholz-Granulat, Kiefern-Kernholz\nInverkehrbringer\nBunny Tierernährung GmbH, Krukumer Str. 37, 49328 Melle",
  "rating": 4.94,
  "review": 16,
  "distributor_address": "Bunny Tierernährung GmbH, Krukumer Str. 37, 49328 Melle",
  "instock": true,
  "retail_limit": "10x"
},
{
  "_id": {
    "$oid": "66bef411a9267700a3bd0233"
  },
  "unique_id": 1003096003,
  "competitor_name": "fressnapf",
  "product_name": "GOURMET Gold Zarte Häppchen 4x85g",
  "brand": "GOURMET",
  "regular_price": 3.49,
  "selling_price": 3.49,
  "price_per_unit": "€10.26/kg",
  "currency": "EUR",
  "breadcrumb": "Heimat > Katze > Katzenfutter > Nassfutter > GOURMET Gold Zarte Häppchen 4x85g",
  "pdp_url": "https://www.fressnapf.at/p/gourmet-gold-zarte-haeppchen-4x85g-1003096003/",
  "product_description": "GOURMET\nArt.Nr.: 1003096003\nGOURMET Gold Zarte Häppchen in Sauce: Verwöhnen Sie Ihre Katze mit zartem Genuss!\nGOURMET Gold - Zarte Häppchen in Sauce sind köstliche Rezepte, mit denen Sie den anspruchsvollen Gaumen Ihrer Katze bei jeder Mahlzeit verwöhnen können.\nGOURMET Gold Zarte Häppchen in Sauce 4x85g:\n1x mit Ente in einer Sauce mit Oliven 85g\n1x mit Forelle und Gemüse 85g\n1x mit Kaninchen und Karotten 85g\n1x mit Kalb in einer Sauce mit Gemüse 85g\nAlleinfuttermittel für ausgewachsene Katzen. Weitere Informationen erhalten Sie hier:\nwww.purina.de\nInverkehrbringer\nNestlé Purina Petcare Deutschland GmbH, Albert-Latz-Str. 6, 53879 Euskirchen",
  "rating": 4.71,
  "review": 59,
  "distributor_address": "Nestlé Purina Petcare Deutschland GmbH, Albert-Latz-Str. 6, 53879 Euskirchen",
  "ingredients": "Analytische Bestandteile Protein 7%, Fettgehalt 3,2%, Rohasche 3,1%, Rohfaser 0,07% Zusammensetzung Mit Ente in einer Sauce mit Oliven Fleisch und tierische Nebenerzeugnisse (davon 4% Ente), Getreide, Mineralstoffe, Zucker, Früchte (0,25% dehydrierte Oliven, entspricht 4% Oliven in der Sauce). Mit Forelle und Gemüse Fleisch und tierische Nebenerzeugnisse, Getreide, Fisch und Fischnebenerzeugnisse (davon 4% Forelle), Mineralstoffe, Gemüse (0,45% getrocknetes Gemüse, entspricht 4% Gemüse), Zucker. Mit Kaninchen und Karotten Fleisch und tierische Nebenerzeugnisse (davon 4% Kaninchen), Getreide, Mineralstoffe, Gemüse (0,45% getrocknete Karotten, entspricht 4% Karotten), Zucker. Mit Kalb in einer Sauce mit Gemüse Fleisch und tierische Nebenerzeugnisse (davon 4% Kalb), Getreide, Mineralstoffe, Gemüse (0,45% getrocknetes Gemüse, entspricht 4% Gemüse in der Sauce), Zucker. Feuchtegehalt 82% Zusatzstoffe pro kg Ernährungsphysiologische Zusatzstoffe: Vitamin A 625 IE/kg, Vitamin D3 95 IE/kg, Eisensulfat Monohydrat 21,7 mg/kg, Calciumjodat, wasserfrei 0,27mg/kg, Kupfersulfat Pentahydrat 2,4 mg/kg, Mangansulfat Monohydrat 4,2 mg/kg, Zinksulfat Monohydrat 35 mg/kg.",
  "instock": true,
  "retail_limit": "10x"
},
{
  "_id": {
    "$oid": "66bef411a9267700a3bd0234"
  },
  "unique_id": 1237777,
  "competitor_name": "fressnapf",
  "product_name": "PREMIERE Excellent XL Klumpstreu 12 kg",
  "brand": "PREMIERE",
  "regular_price": 16.99,
  "selling_price": 16.99,
  "price_per_unit": "€1.42/kg",
  "currency": "EUR",
  "breadcrumb": "Heimat > Katze > Hygiene & Pflege > Katzenstreu > PREMIERE Excellent XL Klumpstreu 12 kg",
  "pdp_url": "https://www.fressnapf.at/p/premiere-excellent-xl-klumpstreu-12-kg-1237777/",
  "product_description": "PREMIERE\nArt.Nr.: 1237777\nPREMIERE Excellent XL ist eine ultra saugstarke Katzenstreu mit zartem Babypuder-Duft.\nDurch die gröbere Körnung klebt die Streu weniger an Fell und Pfoten, sodass Spuren von Katzenstreu in der Wohnung im Vergleich zu herkömmlicher Katzenstreu um bis zu 50% reduziert werden. Daher ist PREMIERE Excellent XL besonders für Langhaarkatzen geeignet.\nDiese Katzenstreu kann bis zu 350% ihres Eigengewichts an Feuchtigkeit aufnehmen und ist daher extren ergiebig: Dies entspricht 42 Litern bei 12kg.\nDie Katzenstreu wirkt zuverlässig durch effektive Geruchskontrolle. PREMIERE Excellent XL ist ein Naturprodukt aus natürlichem Ton. Die Katzenstreu wird bei der Herstellung mehrfach entstaubt.\nAnwendungsempfehlung:\nFüllen Sie die Katzentoilette ca. 6-8 cm hoch mit Katzenstreu. Nehmen Sie täglich die festen Ausscheidungen und Klümpchen heraus und erneuern Sie die entnommene Menge. Wechseln Sie die Streu in regelmäßigen Abständen, ca. alle 4 Wochen, komplett aus.\nTipp:\nWenn Sie eine Fußbodenheizung besitzen, legen Sie bitte ein isolierendes Material unter die Katzentoilette. Dadurch verhindern Sie Gerüche, die durch das Erwärmen der in den Körnchen gebundenen Flüssigkeiten entstehen könnten.\n*Jetzt unverbindlich testen! Zufrieden oder Geld zurück mit unserer\nQualitätsgarantie.\nInverkehrbringer\nMultiFit Tiernahrungs GmbH, Westpreußenstr. 32-38, 47809 Krefeld\nVersandinformationen\nLieferungen erfolgen ab einem Mindestbestellwert von € 19,00 inkl. Mehrwertsteuer nach Abzug von Rabatten.\nWelche Versandkosten fallen für meine Bestellung an?\nWir berechnen € 2,99 bis zu einem Bestellwert von 29,00 €  – unabhängig von der Anzahl der Artikel und der Versandart.\nLieferungen ab 29,00 € werden mit 0,99 € Versandkosten pro Bestellung berechnet. Bei Bestellungen die ein Gesamtgewicht von 31 kg überschreiten, werden je nach Gewicht zwei oder mehrere Pakete versendet (Maximalgewicht pro Paket 31 kg). Für den erhöhten Versandaufwand berechnen wir einmalig zusätzliche Versandkosten in Höhe von 2,99 € pro Bestellung.\nLieferungen sind grundsätzlich nur innerhalb Österreichs möglich.\nDie Lieferzeit beträgt 1-3 Werktage bei Bestellungen bis 16 Uhr.\nKundenbewertungen und -rezensionen verstehen\nProduktbewertungen\nWie funktionieren Bewertungen in der Fressnapf-Gruppe (einschließlich Maxi Zoo)?\nKundenmeinungen in Form von Produkt- und Sternebewertungen sind dienlich für alle Kunden. Sie ermöglichen mehr über das Produkt zu erfahren und helfen bei Kaufentscheidung. Jeder Kunde, der ein Produkt Online oder im Markt erworben hat, kann eine Bewertung abgeben. Wir beziehen zudem Bewertungen aus Dritt-Quellen, z.B. von Hersteller-Seiten. Die Bewertungsherkunft wird an den jeweiligen Rezension ausgewiesen. Für Fressnapf ist das Meinungsbild seiner Kunden wichtig, um Schwachstellen zu analysieren und die Produktqualität zu verbessern. Alle Bewertungen werden durch unseren Dienstleister Bazaarvoice auf Vertrauenswürdigkeit geprüft. Bewertungsinhalte, die gegen die Nutzungsbedingungen der Fressnapf-Gruppe verstoßen, werden abgelehnt. Sonst erfolgt die Veröffentlichung von positiven wie auch negativen Produktbewertungen.\nHier mehr Informationen rund um Produktbewertungen\n.\nWeitere Informationen zur Verarbeitung Ihrer personenbezogenen Daten entnehmen Sie bitte unseren\nDatenschutzhinweisen\n.",
  "rating": 4.48,
  "review": 520,
  "distributor_address": "MultiFit Tiernahrungs GmbH, Westpreußenstr. 32-38, 47809 Krefeld",
  "instock": true,
  "retail_limit": "10x"
},
{
  "_id": {
    "$oid": "66bef411a9267700a3bd0235"
  },
  "unique_id": 1003016010,
  "competitor_name": "fressnapf",
  "product_name": "ROYAL CANIN SHN Medium Adult 4 kg",
  "brand": "ROYAL CANIN",
  "regular_price": 23.99,
  "selling_price": 23.99,
  "price_per_unit": "€6.00/kg",
  "currency": "EUR",
  "breadcrumb": "Heimat > Hund > Hundefutter > Hundetrockenfutter > ROYAL CANIN SHN Medium Adult 4 kg",
  "pdp_url": "https://www.fressnapf.at/p/royal-canin-shn-medium-adult-4-kg-1003016010/",
  "product_description": "ROYAL CANIN\nArt.Nr.: 1003016010\nAlleinfuttermittel für Hunde - Für ausgewachsene mittelgroße Hunde (11 bis 25 kg) - Ab dem 12. Monat.\nROYAL CANIN® Medium Adult bietet eine nährstoffreiche und ausgewogene Rezeptur, die den spezifischen Bedürfnissen ihres mittelgroßen, ausgewachsenen Hundes gerecht wird und ihn unterstützt.\nMittelgroße Hunde brauchen regelmäßige Bewegung, damit sich ihre Muskulatur gut entwickelt. Diese Rezeptur unterstützt mit spezifischen, hochwertigen Proteinen den Erhalt der Muskelmasse.\nDa mittelgroße Hunde voller Energie sind, kommen sie auch mit Umweltelementen in Kontakt, die ihre körpereigenen Abwehrkräfte schwächen können. Diese Kroketten enthalten Präbiotika und eine Kombination aus Vitaminen, darunter Vitamin C und E, die die natürlichen Abwehrkräfte unterstützen.\nMittelgroße, ausgewachsene Hunde brauchen spezifische Nährstoffe, die ihre Gesundheit unterstützen. Die Kroketten von Medium Adult enthalten eine ausgewogene Kombination an hochverdaulichen Nährstoffen und fördern die bestmögliche Aufnahme. So bleibt Ihr Hund gesund und voller Energie.\nWir haben die Größe und Form der Kroketten an den Kiefer Ihres mittelgroßen Hundes und seine Fressgewohnheiten angepasst, um ihn dazu anzuregen, seine Nahrung richtig zu kauen.\nROYAL CANIN® Medium Adult gibt es auch als Feuchtnahrung: Stückchen in Soße. Die Mischfütterung aus Feucht- und Trockennahrung verleiht der Ernährung Ihres Hundes Abwechslung und macht die Mahlzeiten interessanter und ansprechender.\nUm die hohe Qualität unserer Nahrungen zu garantieren, durchlaufen alle Produkte von ROYAL CANIN® eine umfangreiche Qualitätskontrolle.\nAlleinfuttermittel für Hunde - Für ausgewachsene mittelgroße Hunde (11 bis 25 kg) - Ab dem 12. Monat\nInverkehrbringer\nRoyal Canin Tiernahrung GmbH, Habsburgerring 2, 50674 Köln",
  "rating": 4.71,
  "review": 121,
  "distributor_address": "Royal Canin Tiernahrung GmbH, Habsburgerring 2, 50674 Köln",
  "ingredients": "Analytische Bestandteile Protein: 25,0% - Rohfaser: 1,6% - Fettgehalt: 14,0% - Rohasche: 6,2%. Zusammensetzung Geflügelprotein getrocknet, Weizen, Maismehl, Weizenmehl, Mais, hydrolysierte Tierproteine, Tierfett, Rinder- und Schweineproteine getrocknet, Gerste, Maiskleber, Rübenschnitzel, Mineralstoffe, Sojaöl, Hefenerzeugnisse, Fischöl, Hefen (Quelle für Mannan-Oligosaccharide), Algenöl Schizochytrium sp. Feuchtegehalt 9.5% Zusatzstoffe pro kg Ernährungsphysiologische Zusatzstoffe: Vitamin A: 16000 IE, Vitamin D3: 1000 IE, Vitamin C: 120 mg, Vitamin E: 500 mg, Eisen (3b103): 35 mg, Jod (3b201, 3b202): 3,5 mg, Kupfer (3b405, 3b406): 11 mg, Mangan (3b502, 3b504): 46 mg, Zink (3b603, 3b605, 3b606): 129 mg, Selen (3b801, 3b811, 3b812): 0,09 mg - Konservierungsstoffe - Antioxidantien.",
  "instock": true,
  "retail_limit": "10x"
},
{
  "_id": {
    "$oid": "66bef411a9267700a3bd0236"
  },
  "unique_id": 1244768,
  "competitor_name": "fressnapf",
  "product_name": "SELECT GOLD Sensitive Adult Mixpaket 6x800g Mixpaket 2",
  "brand": "SELECT GOLD",
  "regular_price": 23.89,
  "selling_price": 23.89,
  "price_per_unit": "€4.98/kg",
  "currency": "EUR",
  "breadcrumb": "Heimat > Hund > Hundefutter > Hundenassfutter > SELECT GOLD Sensitive Adult Mixpaket 6x800g Mixpaket 2",
  "pdp_url": "https://www.fressnapf.at/p/select-gold-sensitive-adult-mixpaket-6x800g-mixpaket-2-1244768/",
  "product_description": "SELECT GOLD\nArt.Nr.: 1244768\nMixpaket mit verschiedenen Sorten - ideal zum probieren und für mehr Abwechslung!\nSELECT GOLD Sensitive Nassnahrung ist die Lösung für Hunde, die zu Futtermittelunverträglichkeiten oder sensibler Verdauung neigen.\nDie hochwertigen Rezepturen zeichnen sich durch wenige, sehr gut verträgliche Zutaten aus und sind zusätzlich abgestimmt auf die jeweilige Lebensphase.\nDie Mixpakete setzen sich aus folgenden Sorten zusammen:\nMixpaket 1:\n2 x Rind & Reis, 800g\n2 x Huhn & Reis, 800g\n2 x Lamm & Reis, 800g\nMixpaket 2:\n2 x Hisch & Kartoffel, 800g\n2 x Ente & Kartoffel, 800g\n1 x Lamm & Kartoffel, 800g\n1 x Lamm mit Lachs & Kartoffel, 800g\nDie Vorteile im Überblick:\nJede Rezeptur enthält jeweils nur eine hochwertige tierische Proteinquelle (Single Protein) – besonders geeignet für ernährungssensible Hunde.\nDie Rezeptur enthält nur eine sehr gut verträgliche Kohlenhydratquelle: Kartoffel.\nHoher Anteil tierischer Proteine mit bis zu 68%.\nbei Hirsch: Getreide- und glutenfreie Rezeptur.\nbei Huhn, Rind & Lamm: Weizen- und glutenfreie Rezeptur\nPrebiotisch wirkende Fructo-Oligosaccharide (FOS) unterstützen den Aufbau und Erhalt einer stabilen Darmflora.\nOptimale Nährstoffversorgung durch erlesene Zutaten.\nNatürliche Omega-3- und Omega-6-Fettsäuren aus Sonnenblumenöl und Rapsöl sowie Biotin könnenzu intakter Haut und schönem Fell beitragen.\nMöchtest du mehr über die Produkte von SELECT GOLD für Hunde erfahren? Tauche\nhier\nin die Welt der Produktvielfalt von SELECT GOLD ein!-\nAlleinfuttermittel für Ihren Hund, weitere Informationen erhalten Sie hier: info@fressnapf.com\nMehr Produktinfos\nInverkehrbringer\nMultiFit Tiernahrungs GmbH, Westpreußenstr. 32-38, 47809 Krefeld",
  "rating": 4.62,
  "review": 91,
  "distributor_address": "MultiFit Tiernahrungs GmbH, Westpreußenstr. 32-38, 47809 Krefeld",
  "ingredients": "Analytische Bestandteile Hirsch & Kartoffel: 11,2% Protein, 6,6% Fettgehalt, 2,4% Rohasche, 0,5% Rohfaser, 0,18% Calcium, 0,16% Phosphor Ente & Kartoffel: 10,1% Protein, 5,6% Fettgehalt, 2,4% Rohasche, 0,5% Rohfaser, 0,29% Calcium, 0,24% Phosphor Lamm & Kartoffel: 11,3% Protein, 7,3% Fettgehalt, 2,1% Rohasche, 0,5% Rohfaser, 0,19% Calcium, 0,15% Phosphor Lamm mit Lachs & Kartoffel: 11,4% Protein, 7,2% Fettgehalt, 2,4% Rohasche, 0,5% Rohfaser, 0,3% Calcium, 0,26% Phosphor Zusammensetzung Hirsch & Kartoffeln:  68% Rind (aus Herzen, Lebern, Lungen), 26,5% Trinkwasser, 4% Kartoffeln, 1% Mineralstoffe, 0,2% Sonnenblumenöl, 0,2% Fructo-Oligosaccharide, 0,1% Rapsöl Ente & Kartoffeln: 68% Ente (aus Herzen, Hälsen), 27,5% Trinkwasser, 3% Kartoffeln, 1% Mineralstoffe, 0,2% Sonnenblumenöl, 0,2% Fructo-Oligosaccharide, 0,1% Rapsöl Lamm & Kartoffeln: 68% Lamm (aus Herzen, Fleisch, Lebern, Lungen), 27,5% Trinkwasser, 3% Kartoffeln, 1% Mineralstoffe, 0,2% Sonnenblumenöl, 0,2% Fructo-Oligosaccharide, 0,1% Rapsöl Lamm mit Lachs & Kartoffel: 50% Lamm (aus Herzen, Fleisch, Lebern, Lungen), 27,5% Trinkwasser, 18% Lachs, 3% Kartoffeln, 1% Mineralstoffe, 0,2% Sonnenblumenöl, 0,2% Fructo-Oligosaccharide, 0,1% Rapsöl Feuchtegehalt Hirsch  Kartoffeln: 76% Ente  Kartoffeln: 78% Lamm  Kartoffeln: 75% Lamm mit Lachs  Kartoffel: 77% Zusatzstoffe pro kg Hirsch & Kartoffeln: Ernährungsphysiologische Zusatzstoffe: 3000 IE Vitamin A, 200 IE Vitamin D3, 20mg Vitamin E, 1mg E4 (Kupfer), 0,75mg 3b202 (Jod), 1,4mg 3b503 (Mangan), 15mg 3b603 (Zink), 300μg 3a880 (Biotin) Ente & Kartoffeln: Ernährungsphysiologische Zusatzstoffe: 3000 IE Vitamin A, 200 IE Vitamin D3, 20mg Vitamin E, 1mg E4 (Kupfer), 0,75mg 3b202 (Jod), 1,4mg 3b503 (Mangan), 15mg 3b603 (Zink), 300μg 3a880 (Biotin) Lamm & Kartoffeln: Ernährungsphysiologische Zusatzstoffe: 200 IE Vitamin D3, 20mg Vitamin E, 0,75mg 3b202 (Jod), 1,4mg 3b503 (Mangan), 15mg 3b603 (Zink), 300μg 3a880 (Biotin) Lamm mit Lachs & Kartoffel: Ernährungsphysiologische Zusatzstoffe: 200 IE Vitamin D3, 20mg Vitamin E, 0,75mg 3b202 (Jod), 1,4mg 3b503 (Mangan), 15mg 3b603 (Zink), 300μg 3a880 (Biotin)",
  "instock": true,
  "retail_limit": "10x"
},
{
  "_id": {
    "$oid": "66bef411a9267700a3bd0237"
  },
  "unique_id": 1003112001,
  "competitor_name": "fressnapf",
  "product_name": "ROYAL CANIN SHN Medium Adult 15 kg",
  "brand": "ROYAL CANIN",
  "regular_price": 62.99,
  "selling_price": 62.99,
  "price_per_unit": "€4.20/kg",
  "currency": "EUR",
  "breadcrumb": "Heimat > Hund > Hundefutter > Hundetrockenfutter > ROYAL CANIN SHN Medium Adult 15 kg",
  "pdp_url": "https://www.fressnapf.at/p/royal-canin-shn-medium-adult-15-kg-1003112001/",
  "product_description": "ROYAL CANIN\nArt.Nr.: 1003112001\nAlleinfuttermittel für Hunde - Für ausgewachsene mittelgroße Hunde (11 bis 25 kg) - Ab dem 12. Monat.\nROYAL CANIN® Medium Adult bietet eine nährstoffreiche und ausgewogene Rezeptur, die den spezifischen Bedürfnissen ihres mittelgroßen, ausgewachsenen Hundes gerecht wird und ihn unterstützt.\nMittelgroße Hunde brauchen regelmäßige Bewegung, damit sich ihre Muskulatur gut entwickelt. Diese Rezeptur unterstützt mit spezifischen, hochwertigen Proteinen den Erhalt der Muskelmasse.\nDa mittelgroße Hunde voller Energie sind, kommen sie auch mit Umweltelementen in Kontakt, die ihre körpereigenen Abwehrkräfte schwächen können. Diese Kroketten enthalten Präbiotika und eine Kombination aus Vitaminen, darunter Vitamin C und E, die die natürlichen Abwehrkräfte unterstützen.\nMittelgroße, ausgewachsene Hunde brauchen spezifische Nährstoffe, die ihre Gesundheit unterstützen. Die Kroketten von Medium Adult enthalten eine ausgewogene Kombination an hochverdaulichen Nährstoffen und fördern die bestmögliche Aufnahme. So bleibt Ihr Hund gesund und voller Energie.\nWir haben die Größe und Form der Kroketten an den Kiefer Ihres mittelgroßen Hundes und seine Fressgewohnheiten angepasst, um ihn dazu anzuregen, seine Nahrung richtig zu kauen.\nROYAL CANIN® Medium Adult gibt es auch als Feuchtnahrung: Stückchen in Soße. Die Mischfütterung aus Feucht- und Trockennahrung verleiht der Ernährung Ihres Hundes Abwechslung und macht die Mahlzeiten interessanter und ansprechender.\nUm die hohe Qualität unserer Nahrungen zu garantieren, durchlaufen alle Produkte von ROYAL CANIN® eine umfangreiche Qualitätskontrolle.\nAlleinfuttermittel für Hunde - Für ausgewachsene mittelgroße Hunde (11 bis 25 kg) - Ab dem 12. Monat\nInverkehrbringer\nRoyal Canin Tiernahrung GmbH, Habsburgerring 2, 50674 Köln",
  "rating": 4.71,
  "review": 121,
  "distributor_address": "Royal Canin Tiernahrung GmbH, Habsburgerring 2, 50674 Köln",
  "ingredients": "Analytische Bestandteile Protein: 25,0% - Rohfaser: 1,6% - Fettgehalt: 14,0% - Rohasche: 6,2%. Zusammensetzung Geflügelprotein getrocknet, Weizen, Maismehl, Weizenmehl, Mais, hydrolysierte Tierproteine, Tierfett, Rinder- und Schweineproteine getrocknet, Gerste, Maiskleber, Rübenschnitzel, Mineralstoffe, Sojaöl, Hefenerzeugnisse, Fischöl, Hefen (Quelle für Mannan-Oligosaccharide), Algenöl Schizochytrium sp. Feuchtegehalt 9.5% Zusatzstoffe pro kg Ernährungsphysiologische Zusatzstoffe: Vitamin A: 16000 IE, Vitamin D3: 1000 IE, Vitamin C: 120 mg, Vitamin E: 500 mg, Eisen (3b103): 35 mg, Jod (3b201, 3b202): 3,5 mg, Kupfer (3b405, 3b406): 11 mg, Mangan (3b502, 3b504): 46 mg, Zink (3b603, 3b605, 3b606): 129 mg, Selen (3b801, 3b811, 3b812): 0,09 mg - Konservierungsstoffe - Antioxidantien.",
  "instock": true,
  "retail_limit": "10x"
},
{
  "_id": {
    "$oid": "66bef411a9267700a3bd0238"
  },
  "unique_id": 1243513,
  "competitor_name": "fressnapf",
  "product_name": "bosch Mini Junior Geflügel 2x3 kg",
  "brand": "bosch",
  "regular_price": 27.99,
  "selling_price": 27.99,
  "price_per_unit": "€4.67/kg",
  "currency": "EUR",
  "breadcrumb": "Heimat > Hund > Hundefutter > Hundetrockenfutter > bosch Mini Junior Geflügel 2x3 kg",
  "pdp_url": "https://www.fressnapf.at/p/bosch-mini-junior-gefluegel-2x3-kg-1243513/",
  "product_description": "bosch\nArt.Nr.: 1243513\nAufzuchtfutter für Welpen kleiner Rassen (bis 15 kg Endgewicht).\nZur Aufzucht kleiner Rassen (bis 15 kg Endgewicht) ist ein speziell zusammengesetztes Aufzuchtfutter mit angepasster Krokettenform und -größe sowie abgestimmter Eiweiß- und Mineralstoffgehalte erforderlich.\nbosch Mini Junior wird ohne glutenhaltiges Getreide unter Verwendung von frischem Geflügel (min. 25 %) hergestellt.\nDurch den Einsatz von Kolostrum wird das Immunsystem ebenso gestärkt wie durch den spezifischen Immun-Komplex aus Mannanen und Glucanen (von Tierärzten entwickelt).\nDie enthaltenen Muschelextrakte unterstützen die Knorpel- und Gelenkentwicklung.\nDie Vorteile im Überblick:\nohne glutenhaltiges Getreide hergestellt (weizenfrei)\nmit viel frischem Geflügel (min. 25 %)\nmit moderatem Eiweißgehalt (26 %)\nmit Kolostrum, das die Abwehrkräfte des Junghundes stärkt\nAlleinfuttermittel für Welpen kleiner Rassen. Weitere Informationen erhalten Sie hier: info@bosch-tiernahrung.de\nInverkehrbringer\nbosch Tiernahrung GmbH & Co. KG, Engelhardshauser Str. 55+57, 74572 Blaufelden-Wiesenbach",
  "rating": 4.78,
  "review": 77,
  "distributor_address": "bosch Tiernahrung GmbH & Co. KG, Engelhardshauser Str. 55+57, 74572 Blaufelden-Wiesenbach",
  "ingredients": "Analytische Bestandteile Protein 26,0 %, Fettgehalt 17,0 %, Rohfaser 2,5 %, Rohasche 6,0 %, Calcium 1,2 %, Phosphor 0,90 %. Zusammensetzung Frisches Geflügel (25 %), Mais, Geflügelfleischmehl, Reis, Hirse, Tierfett, Rübentrockenschnitzel (entzuckert), Proteinhydrolysat, Fischmehl, Leinsamen, Fleischgrieben (getrocknet), Fleischmehl, Erbsen (getrocknet),Hefe (getrocknet, incl. 0,1 % Mannanoligosaccharide, 0,06 % β-Glucanee), Fischöl, Kolostrum (0,3 %), Natriumchlorid, Grünlippmuschelextrakt ( 0,1 %), Chicoree (getrocknet), Kaliumchlorid. Feuchtegehalt 8% Zusatzstoffe pro kg Ernährungsphysiologische Zusatzstoffe: Vitamin A 15.000 I.E., Vitamin D3 1.200 I.E., Vitamin E 150 mg, Zink (als Zinkoxid) 90 mg, Zink (als Aminosäure-Zinkchelat, Hydrat) 75 mg, Kupfer (als Kupfer-(II)-Sulfat, Pentahydrat) 10 mg, Jod (als Calciumjodat, wasserfrei) 2 mg, Selen (als Natriumselenit) 0,2 mg.",
  "instock": true,
  "retail_limit": "10x"
},
{
  "_id": {
    "$oid": "66bef411a9267700a3bd0239"
  },
  "unique_id": 1243375,
  "competitor_name": "fressnapf",
  "product_name": "SELECT GOLD Sensitive Junior 12x100g",
  "brand": "SELECT GOLD",
  "regular_price": 17.88,
  "selling_price": 17.88,
  "price_per_unit": "€14.90/kg",
  "currency": "EUR",
  "breadcrumb": "Heimat > Hund > Hundefutter > Hundenassfutter > SELECT GOLD Sensitive Junior 12x100g",
  "pdp_url": "https://www.fressnapf.at/p/select-gold-sensitive-junior-12x100g-1243375/",
  "product_description": "SELECT GOLD\nArt.Nr.: 1243375\nSELECT GOLD Sensitive Junior enthält gut bekömmliche Zutaten und eignet sich daher besonders für ernährungssensible Hunde sowie bei Futtermittelunverträglichkeiten.\nSELECT GOLD Sensitive Junior ist eine speziell entwickelte, ausgewogene Premium-Nassnahrung.\nDie hochwertige Rezeptur zeichnet sich durch wenige gut verträgliche Zutaten und nur 2 ausgewählten tierischen Proteinquelle aus.\nBei der Entwicklung dieser Premium-Rezeptur wurden die ernährungsphysiologischen Anforderungen von Welpen und Junghunden gezielt berücksichtigt.\nDie Vorteile im Überblick:\nideal für ernährungssensible Hunde\nExtra für kleine Hunde: Angepasster Energiegehalt\nMit ausgewählten Proteinquellen für ernährungssensible Hunde\nGetreidefreie Rezeptur\nCalcium und Phosphor im richtigen Verhältnis können eine korrekte Entwicklung von Knochen und Zähnen unterstützen.\nDie bedarfsgerechte Nährstoffversorgung unterstützt ein ausgewogenes und kontrolliertes Wachstum.\nGrünlippmuschelextrakt ist eine natürliche Quelle von Glucosamin und Chondroitin (Bausteine für Knorpel und Gelenke).\nPrebiotisch wirkende Fructo-Oligosaccharide (FOS) fördern den Aufbau und Erhalt einer stabilen Darmflora. Eine optimale Verdauung kann somit unterstützt werden.\nOhne Verwendung von Konservierungsmitteln, Farb- und Geschmacksstoffen.\nOhne Zusatz von Zucker und Soja.\nOhne Formfleisch\nMit Tierärzten und Ernährungswissenschaftlern entwickelt\nHergestellt in Deutschland\nMöchtest du mehr über die Produkte von SELECT GOLD für Hunde erfahren? Tauche\nhier\nin die Welt der Produktvielfalt von SELECT GOLD ein!-\nAlleinfuttermittel für Welpen und Junghunde.Weitere Informationen erhalten Sie hier: info@fressnapf.com\nMehr Produktinfos\nInverkehrbringer\nMultiFit Tiernahrungs GmbH, Westpreußenstr. 32-38, 47809 Krefeld",
  "rating": 4.16,
  "review": 19,
  "distributor_address": "MultiFit Tiernahrungs GmbH, Westpreußenstr. 32-38, 47809 Krefeld",
  "ingredients": "Analytische Bestandteile Protein 10%, Fettgehalt 7,5%, Rohasche 2,8%, Rohfaser 0,5%, Calcium 0,31%, Phosphor 0,29%. Zusammensetzung Lamm (aus Herzen, Lungen, Fleisch, Lebern) 56%, Lachs 12%, Kartoffeln 4%, Mineralstoffe 1%, Sonnenblumenöl (0,2%), Fructo-Oligosaccharide (0,2%), Rapsöl (0,1%), Grünlippmuschelextrakt (0,01%), Feuchtegehalt 75% Zusatzstoffe pro kg Zusatzstoffe: 3b202  (Jod) 0,75mg, 3b508  (Mangan) 1,4mg, 3b605 (Zink) 25mg, 3b880 (Biotin) 300μg Kann Spuren anderer Zutaten enthalten.",
  "instock": true,
  "retail_limit": "10x"
},
{
  "_id": {
    "$oid": "66bef411a9267700a3bd023a"
  },
  "unique_id": 1238947,
  "competitor_name": "fressnapf",
  "product_name": "Bunny Bedding Active 35 l",
  "brand": "Bunny",
  "regular_price": 19.99,
  "selling_price": 19.99,
  "price_per_unit": "€0.57/l",
  "currency": "EUR",
  "breadcrumb": "Heimat > Kleintier > Kleintierheim > Streu & Stroh > Bunny Bedding Active 35 l",
  "pdp_url": "https://www.fressnapf.at/p/bunny-bedding-active-35-l-1238947/",
  "product_description": "Bunny\nArt.Nr.: 1238947\nBedding active ist ein natürlicher Pflanzenfasermix der hervorragende Produkteigenschaften in sich vereint.\nDie Streu hat eine fantastische Saugkraft und ist zudem super-pfotensoft. Sie ist ideal für einen stabilen Tunnelbau geeignet. Hieran wird sich nicht nur Ihr Tier erfreuen, sondern auch Sie, während Sie ihr Liebling beim Spielen beobachten.\nUm den Tieren einen natürlichen Abenteuerspielplatz zu ermöglichen, so dass sie sich ganz nach ihren natürlichen Instinkten bewegen können und sich wohl fühlen, streut man am besten besonders hoch ein.\nAnwendungsempfehlung:\nDie Urin und Kotplätze, falls vorhanden, sollten zeitnah und regelmäßig erneuert werden.\nEntsorgung: über Biotonne oder Hausmüll (regionale Entsorgungsvorschriften beachten), kompostierbar. Trocken lagern.\nZusammensetzung: Leinenfasern, Strohpellets, Kiefern-Kernholz\nTierart\nEinstreutiefe\nvollständiger Einstreuwechsel\nHamster/ Zwerghamster\nmind. 10cm\nca. alle 4 Wochen\nRennmaus\nmind. 30cm\nca. alle 3 Wochen\nFarbmaus\nmind. 10cm\nca. alle 2 Wochen\nRatte\nmind. 5cm\nca. alle 2 Wochen\nInverkehrbringer\nBunny Tierernährung GmbH, Krukumer Str. 37, 49328 Melle",
  "rating": 4.25,
  "review": 8,
  "distributor_address": "Bunny Tierernährung GmbH, Krukumer Str. 37, 49328 Melle",
  "instock": true,
  "retail_limit": "10x"
},
{
  "_id": {
    "$oid": "66bef411a9267700a3bd023b"
  },
  "unique_id": 1244514,
  "competitor_name": "fressnapf",
  "product_name": "REAL NATURE Adult Mixpaket 6x200g Mixpaket 1",
  "brand": "REAL NATURE",
  "regular_price": 11.94,
  "selling_price": 11.94,
  "price_per_unit": "€9.95/kg",
  "currency": "EUR",
  "breadcrumb": "Heimat > Hund > Hundefutter > Hundenassfutter > REAL NATURE Adult Mixpaket 6x200g Mixpaket 1",
  "pdp_url": "https://www.fressnapf.at/p/real-nature-adult-mixpaket-6x200g-mixpaket-1-1244514/",
  "product_description": "REAL NATURE\nArt.Nr.: 1244514\nMixpaket mit verschiedenen Sorten - ideal zum Probieren und für mehr Abwechslung!\nREAL NATURE gibt das Beste aus der Natur weiter. Alle Zutaten werden gewissenhaft ausgewählt, um den höchsten Qualitätsanforderungen gerecht zu werden.\nMixpaket 1:\n2 x Hirsch & Huhn mit Pute, 200g\n2 x Rind mit Kartoffeln, 200g\n1 x Lamm & Rind, 200 g\n1 x Nordmeerhering & Huhn 200g\nMixpaket 2:\n2 x Kalbsherzen & Huhn, 200g\n2 x Rind mit ital. Schinken, 200g\n1 x Lamm mit Kartoffeln, 200g\n1 x Schaf & Huhn mit Ente, 200g\nREAL NATURE Alleinfuttermittel ist durch Kaltabfüllung besonders schonend verarbeitet, enthält kein Tier- und Knochenmehl und keine künstlichen Zusatz- und Konservierungsstoffe. Ehrliche Deklaration. Was drin ist, steht auch drauf!\nDie hochqualitative Vollnahrung enthält ein, zwei oder maximal drei verschiedene tierische Proteinquellen, hochwertigste pflanzliche Komponenten wie Kartoffeln oder Vollkornnudeln und wertvolle Öle, deren essenzielle Omega-6-Fettsäuren zur Haut- und Fellgesundheit beitragen können.\nDie Vorteile im Überblick:\n100% natürlich1: naturbelassene Zutaten höchster Qualität, in den eingesetzten Rohstoffen\nkeine Zusatzstoffe wie Zucker, Farbstoffe, Aromastoffe oder Konservierungsmittel\nSchutz der natürlichen Nährwerte ohne Tier- und Knochenmehl\nschonende Zubereitung\nMöchtest du mehr über die Produkte von REAL NATURE für Hunde erfahren? Tauche\nhier\nin die Welt der Produktvielfalt von REAL NATURE ein!\nAlleinfuttermittel für Hunde. Geeignet für ausgewachsene Hunde ab dem 9. bzw. 25. Lebensmonat bis zum 6. bzw. 8. Lebensjahr, je nach Rasse und Größe.Alle Informationen zum Alleinfuttermittel für erwachsene Hunde und anderen REAL NATURE Produkten erhalten Sie im PDF Download oder hier: info@fressnapf.com\nMehr Produktinfos\nInverkehrbringer\nMultiFit Tiernahrungs GmbH, Westpreußenstr. 32-38, 47809 Krefeld",
  "rating": 4.82,
  "review": 145,
  "distributor_address": "MultiFit Tiernahrungs GmbH, Westpreußenstr. 32-38, 47809 Krefeld",
  "ingredients": "Analytische Bestandteile Hirsch & Huhn: 14% Protein, 6% Fettgehalt, 1,5% Rohasche, 0,4% Rohfaser, 0,35% Calcium, 0,3% Phosphor Rind & Kartoffel: 11,5% Protein, 5,5% Fettgehalt, 1,7% Rohasche, 0,5% Rohfaser, 0,31% Calcium, 0,25% Phosphor. Lamm & Rind: 13,5% Protein, 6,5% Fettgehalt, 1,6% Rohasche, 0,4% Rohfaser, 0,32% Calcium, 0,28% Phosphor. Nordmeerhering & Huhn: 12,2% Protein, 6,9% Fettgehalt, 2,2% Rohasche, 0,4% Rohfaser, 0,32% Calcium, 0,3% Phosphor. Zusammensetzung Hirsch & Huhn: 34% Hirsch (aus Fleisch, Lebern), 26% Huhn (aus Herzen, Fleisch, Mägen, Lebern), 25,5% Hirsch-, Hühner- und Putenfleischbrühe, 8% Putenherzen, 5% Vollkornnudeln, 1% Mineralstoffe, 0,5% Leinöl.Rind & Kartoffel: 68% Rind (aus Fleisch, Herzen, Lungen, Lebern, Nieren, Kehlköpfen), 25,5% Rindfleischbrühe, 5% Kartoffeln, 1% Mineralstoffe, 0,5% Schwarzkümmelöl.Lamm & Rind: 34% Lamm (aus Lungen, Lebern, Pansen, Herzen, Fleisch), 34% Rind (aus Fleisch, Herzen, Lungen, Lebern, Nieren, Kehlköpfen), 25,5% Lamm- und Rindfleischbrühe, 5% Naturreis, 1% Mineralstoffe, 0,5% Weizenkeimöl.Nordmeerhering & Huhn: 42% Huhn (aus Fleisch, Lebern, Herzen, Mägen, Hälsen), 26% Heringsfilet, 25,5% Herings- und Hühnerfleischbrühe, 5% Naturreis, 1% Mineralstoffe, 0,5% Lachsöl. Feuchtegehalt Hirsch  Huhn: 74%Rind  Kartoffel: 73%Lamm  Rind: 74%Nordmeerhering  Huhn: 76% Zusatzstoffe pro kg Vitamine: 200 IE Vitamin. D3, 30mg Vitamin E. Spurenelemente: 0,75mg Jod (Calciumjodat, wasserfrei), 3mg Mangan (Mangan-(II)-sulfat, Monohydrat), 0,03mg Selen (Natriumselenit), 15mg Zink (Zinksulfat, Monohydrat).",
  "instock": true,
  "retail_limit": "10x"
},
{
  "_id": {
    "$oid": "66bef411a9267700a3bd023c"
  },
  "unique_id": 1212196,
  "competitor_name": "fressnapf",
  "product_name": "bosch Soft Hühnchen & Banane 12.5 kg",
  "brand": "bosch",
  "regular_price": 57.99,
  "selling_price": 57.99,
  "price_per_unit": "€4.64/kg",
  "currency": "EUR",
  "breadcrumb": "Heimat > Hund > Hundefutter > Hundetrockenfutter > bosch Soft Hühnchen & Banane 12,5 kg",
  "pdp_url": "https://www.fressnapf.at/p/bosch-soft-huehnchen--banane-125-kg-1212196/",
  "product_description": "bosch\nArt.Nr.: 1212196\nbosch SOFT Hühnchen ist ein single Protein-Produkt für die ausgewogene Ernährung ausgewachsener Hunde aller Rassen.\nbosch SOFT Hühnchen & Banane ist besonders für ernährungssensible Hunde geeignet, die unter Futterunverträglichkeiten und Allergien leiden.\nDer hohe Anteil an frischem Hühnchen (60%) als alleinige, tierische Proteinquelle und hochverdaulicher Banane als Kohlenhydratquelle verwöhnen ihren Hund schonend und natürlich getreidefrei.\nDie weiche Krokette (18% Feuchte) macht bosch SOFT Hühnchen & Banane zu einem besonderen Geschmackserlebnis für Ihren Hund und ist besonders verträglich Ausgezeichnet als besonders schmackhaft und bekömmlich.\nDie Vorteile im Überblick:\n60% frisches Hühnchen\nGetreidefrei\nHochverdauliche Banane\nFür ernährungssensible Hunde\nHohe Akzeptanz Single\nSingle Protein\nAlleinfuttermittel für Hunde, weitere Informationen erhalten Sie hier: info@bosch-tiernahrung.de",
  "rating": 4.62,
  "review": 145,
  "ingredients": "Analytische Bestandteile Feuchte 18,00% Protein 21,00% Fettgehalt 14,00% Rohfaser 2,50% Rohasche 7,00% Calcium 1,40% Phosphor 1,00% Zusammensetzung Frisches Hühnchen (60%), Kartoffelstärke, Kochbanane (getrocknet, 8%), Kartoffeleiweiß, Proteinhydrolysat (pflanzlich), Erbsen (getrocknet), Zellulosefasern, Flohsamen, Chicoreepulver (0,4%), Hefe (getrocknet), Natriumchlorid, Glucosamine, Chondroitinsulfat, Yucca (getrocknet). Feuchtegehalt 18% Zusatzstoffe pro kg Vitamin A 12.000 I. E. Vitamin D3 1.200 I. E. Vitamin E 70mg Spurenelemente je KG: Zink (als Zinkoxid) 70mg Zink (als Aminosäure-Zinkchelat, Hydrat) 25mg Kupfer (als Kupfer-(II)-Sulfat, Pentahydrat) 10mg Jod (als Calciumjodat, wasserfrei) 2mg Selen (als Natriumselenit) 0,2mg",
  "instock": true,
  "retail_limit": "10x"
},
{
  "_id": {
    "$oid": "66bef411a9267700a3bd023d"
  },
  "unique_id": 1094228,
  "competitor_name": "fressnapf",
  "product_name": "ROYAL CANIN SHN Medium Adult 2x15 kg",
  "brand": "ROYAL CANIN",
  "regular_price": 122.99,
  "selling_price": 122.99,
  "price_per_unit": "€4.10/kg",
  "currency": "EUR",
  "breadcrumb": "Heimat > Hund > Hundefutter > Hundetrockenfutter > ROYAL CANIN SHN Medium Adult 2x15 kg",
  "pdp_url": "https://www.fressnapf.at/p/royal-canin-shn-medium-adult-2x15-kg-1094228/",
  "product_description": "ROYAL CANIN\nArt.Nr.: 1094228\nAlleinfuttermittel für Hunde - Für ausgewachsene mittelgroße Hunde (11 bis 25 kg) - Ab dem 12. Monat.\nROYAL CANIN® Medium Adult bietet eine nährstoffreiche und ausgewogene Rezeptur, die den spezifischen Bedürfnissen ihres mittelgroßen, ausgewachsenen Hundes gerecht wird und ihn unterstützt.\nMittelgroße Hunde brauchen regelmäßige Bewegung, damit sich ihre Muskulatur gut entwickelt. Diese Rezeptur unterstützt mit spezifischen, hochwertigen Proteinen den Erhalt der Muskelmasse.\nDa mittelgroße Hunde voller Energie sind, kommen sie auch mit Umweltelementen in Kontakt, die ihre körpereigenen Abwehrkräfte schwächen können. Diese Kroketten enthalten Präbiotika und eine Kombination aus Vitaminen, darunter Vitamin C und E, die die natürlichen Abwehrkräfte unterstützen.\nMittelgroße, ausgewachsene Hunde brauchen spezifische Nährstoffe, die ihre Gesundheit unterstützen. Die Kroketten von Medium Adult enthalten eine ausgewogene Kombination an hochverdaulichen Nährstoffen und fördern die bestmögliche Aufnahme. So bleibt Ihr Hund gesund und voller Energie.\nWir haben die Größe und Form der Kroketten an den Kiefer Ihres mittelgroßen Hundes und seine Fressgewohnheiten angepasst, um ihn dazu anzuregen, seine Nahrung richtig zu kauen.\nROYAL CANIN® Medium Adult gibt es auch als Feuchtnahrung: Stückchen in Soße. Die Mischfütterung aus Feucht- und Trockennahrung verleiht der Ernährung Ihres Hundes Abwechslung und macht die Mahlzeiten interessanter und ansprechender.\nUm die hohe Qualität unserer Nahrungen zu garantieren, durchlaufen alle Produkte von ROYAL CANIN® eine umfangreiche Qualitätskontrolle.\nAlleinfuttermittel für Hunde - Für ausgewachsene mittelgroße Hunde (11 bis 25 kg) - Ab dem 12. Monat\nInverkehrbringer\nRoyal Canin Tiernahrung GmbH, Habsburgerring 2, 50674 Köln",
  "rating": 4.71,
  "review": 121,
  "distributor_address": "Royal Canin Tiernahrung GmbH, Habsburgerring 2, 50674 Köln",
  "ingredients": "Analytische Bestandteile Protein: 25,0% - Rohfaser: 1,6% - Fettgehalt: 14,0% - Rohasche: 6,2%. Zusammensetzung Geflügelprotein getrocknet, Weizen, Maismehl, Weizenmehl, Mais, hydrolysierte Tierproteine, Tierfett, Rinder- und Schweineproteine getrocknet, Gerste, Maiskleber, Rübenschnitzel, Mineralstoffe, Sojaöl, Hefenerzeugnisse, Fischöl, Hefen (Quelle für Mannan-Oligosaccharide), Algenöl Schizochytrium sp. Feuchtegehalt 9.5% Zusatzstoffe pro kg Ernährungsphysiologische Zusatzstoffe: Vitamin A: 16000 IE, Vitamin D3: 1000 IE, Vitamin C: 120 mg, Vitamin E: 500 mg, Eisen (3b103): 35 mg, Jod (3b201, 3b202): 3,5 mg, Kupfer (3b405, 3b406): 11 mg, Mangan (3b502, 3b504): 46 mg, Zink (3b603, 3b605, 3b606): 129 mg, Selen (3b801, 3b811, 3b812): 0,09 mg - Konservierungsstoffe - Antioxidantien.",
  "instock": true,
  "retail_limit": "10x"
},
{
  "_id": {
    "$oid": "66bef411a9267700a3bd023e"
  },
  "unique_id": 1244940,
  "competitor_name": "fressnapf",
  "product_name": "bosch Soft Hühnchen & Banane 2x12.5 kg",
  "brand": "bosch",
  "regular_price": 114.99,
  "selling_price": 114.99,
  "price_per_unit": "€4.60/kg",
  "currency": "EUR",
  "breadcrumb": "Heimat > Hund > Hundefutter > Hundetrockenfutter > bosch Soft Hühnchen & Banane 2x12,5 kg",
  "pdp_url": "https://www.fressnapf.at/p/bosch-soft-huehnchen--banane-2x125-kg-1244940/",
  "product_description": "bosch\nArt.Nr.: 1244940\nbosch SOFT Hühnchen ist ein single Protein-Produkt für die ausgewogene Ernährung ausgewachsener Hunde aller Rassen.\nbosch SOFT Hühnchen & Banane ist besonders für ernährungssensible Hunde geeignet, die unter Futterunverträglichkeiten und Allergien leiden.\nDer hohe Anteil an frischem Hühnchen (60%) als alleinige, tierische Proteinquelle und hochverdaulicher Banane als Kohlenhydratquelle verwöhnen ihren Hund schonend und natürlich getreidefrei.\nDie weiche Krokette (18% Feuchte) macht bosch SOFT Hühnchen & Banane zu einem besonderen Geschmackserlebnis für Ihren Hund und ist besonders verträglich Ausgezeichnet als besonders schmackhaft und bekömmlich.\nDie Vorteile im Überblick:\n60% frisches Hühnchen\nGetreidefrei\nHochverdauliche Banane\nFür ernährungssensible Hunde\nHohe Akzeptanz Single\nSingle Protein\nAlleinfuttermittel für Hunde, weitere Informationen erhalten Sie hier: info@bosch-tiernahrung.de",
  "rating": 4.62,
  "review": 145,
  "ingredients": "Analytische Bestandteile Feuchte 18,00% Protein 21,00% Fettgehalt 14,00% Rohfaser 2,50% Rohasche 7,00% Calcium 1,40% Phosphor 1,00% Zusammensetzung Frisches Hühnchen (60%), Kartoffelstärke, Kochbanane (getrocknet, 8%), Kartoffeleiweiß, Proteinhydrolysat (pflanzlich), Erbsen (getrocknet), Zellulosefasern, Flohsamen, Chicoreepulver (0,4%), Hefe (getrocknet), Natriumchlorid, Glucosamine, Chondroitinsulfat, Yucca (getrocknet). Feuchtegehalt 18% Zusatzstoffe pro kg Vitamin A 12.000 I. E. Vitamin D3 1.200 I. E. Vitamin E 70mg Spurenelemente je KG: Zink (als Zinkoxid) 70mg Zink (als Aminosäure-Zinkchelat, Hydrat) 25mg Kupfer (als Kupfer-(II)-Sulfat, Pentahydrat) 10mg Jod (als Calciumjodat, wasserfrei) 2mg Selen (als Natriumselenit) 0,2mg",
  "instock": true,
  "retail_limit": "10x"
},
{
  "_id": {
    "$oid": "66bef411a9267700a3bd023f"
  },
  "unique_id": 1244539,
  "competitor_name": "fressnapf",
  "product_name": "SELECT GOLD Sensitive Adult Mixpaket 6x400g Mixpaket 2",
  "brand": "SELECT GOLD",
  "regular_price": 16.09,
  "selling_price": 16.09,
  "price_per_unit": "€6.70/kg",
  "currency": "EUR",
  "breadcrumb": "Heimat > Hund > Hundefutter > Hundenassfutter > SELECT GOLD Sensitive Adult Mixpaket 6x400g Mixpaket 2",
  "pdp_url": "https://www.fressnapf.at/p/select-gold-sensitive-adult-mixpaket-6x400g-mixpaket-2-1244539/",
  "product_description": "SELECT GOLD\nArt.Nr.: 1244539\nMixpaket mit verschiedenen Sorten - ideal zum probieren und für mehr Abwechslung!\nSELECT GOLD Sensitive Nassnahrung ist die Lösung für Hunde, die zu Futtermittelunverträglichkeiten oder sensibler Verdauung neigen.\nDie hochwertigen Rezepturen zeichnen sich durch wenige, sehr gut verträgliche Zutaten aus und sind zusätzlich abgestimmt auf die jeweilige Lebensphase.\nDie Mixpakete setzen sich aus folgenden Sorten zusammen:\nMixpaket 1:\n2 x Rind & Reis, 400g\n2 x Huhn & Reis, 400g\n2 x Lamm & Reis, 400g\nMixpaket 2:\n2 x Hisch & Kartoffel, 400g\n2 x Ente & Kartoffel, 400g\n1 x Lamm & Kartoffel, 400g\n1 x Lamm mit Lachs & Kartoffel, 400g\nDie Vorteile im Überblick:\nJede Rezeptur enthält jeweils nur eine hochwertige tierische Proteinquelle (Single Protein) – besonders geeignet für ernährungssensible Hunde.\nDie Rezeptur enthält nur eine sehr gut verträgliche Kohlenhydratquelle: Kartoffel.\nHoher Anteil tierischer Proteine mit bis zu 68%.\nbei Hirsch: Getreide- und glutenfreie Rezeptur.\nbei Huhn, Rind & Lamm: Weizen- und glutenfreie Rezeptur\nPrebiotisch wirkende Fructo-Oligosaccharide (FOS) unterstützen den Aufbau und Erhalt einer stabilen Darmflora.\nOptimale Nährstoffversorgung durch erlesene Zutaten.\nNatürliche Omega-3- und Omega-6-Fettsäuren aus Sonnenblumenöl und Rapsöl sowie Biotin könnenzu intakter Haut und schönem Fell beitragen.\nMöchtest du mehr über die Produkte von SELECT GOLD für Hunde erfahren? Tauche\nhier\nin die Welt der Produktvielfalt von SELECT GOLD ein!-\nAlleinfuttermittel für Ihren Hund, weitere Informationen erhalten Sie hier: info@fressnapf.com\nMehr Produktinfos\nInverkehrbringer\nMultiFit Tiernahrungs GmbH, Westpreußenstr. 32-38, 47809 Krefeld",
  "rating": 4.63,
  "review": 95,
  "distributor_address": "MultiFit Tiernahrungs GmbH, Westpreußenstr. 32-38, 47809 Krefeld",
  "ingredients": "Analytische Bestandteile Hirsch & Kartoffel: 11,2% Protein, 6,6% Fettgehalt, 2,4% Rohasche, 0,5% Rohfaser, 0,18% Calcium, 0,16% Phosphor Ente & Kartoffel: 10,1% Protein, 5,6% Fettgehalt, 2,4% Rohasche, 0,5% Rohfaser, 0,29% Calcium, 0,24% Phosphor Lamm & Kartoffel: 11,3% Protein, 7,3% Fettgehalt, 2,1% Rohasche, 0,5% Rohfaser, 0,19% Calcium, 0,15% Phosphor Lamm mit Lachs & Kartoffel: 11,4% Protein, 7,2% Fettgehalt, 2,4% Rohasche, 0,5% Rohfaser, 0,3% Calcium, 0,26% Phosphor Zusammensetzung Hirsch & Kartoffeln:  68% Rind (aus Herzen, Lebern, Lungen), 26,5% Trinkwasser, 4% Kartoffeln, 1% Mineralstoffe, 0,2% Sonnenblumenöl, 0,2% Fructo-Oligosaccharide, 0,1% Rapsöl Ente & Kartoffeln: 68% Ente (aus Herzen, Hälsen), 27,5% Trinkwasser, 3% Kartoffeln, 1% Mineralstoffe, 0,2% Sonnenblumenöl, 0,2% Fructo-Oligosaccharide, 0,1% Rapsöl Lamm & Kartoffeln: 68% Lamm (aus Herzen, Fleisch, Lebern, Lungen), 27,5% Trinkwasser, 3% Kartoffeln, 1% Mineralstoffe, 0,2% Sonnenblumenöl, 0,2% Fructo-Oligosaccharide, 0,1% Rapsöl Lamm mit Lachs & Kartoffel: 50% Lamm (aus Herzen, Fleisch, Lebern, Lungen), 27,5% Trinkwasser, 18% Lachs, 3% Kartoffeln, 1% Mineralstoffe, 0,2% Sonnenblumenöl, 0,2% Fructo-Oligosaccharide, 0,1% Rapsöl Feuchtegehalt Hirsch  Kartoffeln: 76% Ente  Kartoffeln: 78% Lamm  Kartoffeln: 75% Lamm mit Lachs  Kartoffel: 77% Zusatzstoffe pro kg Hirsch & Kartoffeln: Ernährungsphysiologische Zusatzstoffe: 3000 IE Vitamin A, 200 IE Vitamin D3, 20mg Vitamin E, 1mg E4 (Kupfer), 0,75mg 3b202 (Jod), 1,4mg 3b503 (Mangan), 15mg 3b603 (Zink), 300μg 3a880 (Biotin) Ente & Kartoffeln: Ernährungsphysiologische Zusatzstoffe: 3000 IE Vitamin A, 200 IE Vitamin D3, 20mg Vitamin E, 1mg E4 (Kupfer), 0,75mg 3b202 (Jod), 1,4mg 3b503 (Mangan), 15mg 3b603 (Zink), 300μg 3a880 (Biotin) Lamm & Kartoffeln: Ernährungsphysiologische Zusatzstoffe: 200 IE Vitamin D3, 20mg Vitamin E, 0,75mg 3b202 (Jod), 1,4mg 3b503 (Mangan), 15mg 3b603 (Zink), 300μg 3a880 (Biotin) Lamm mit Lachs & Kartoffel: Ernährungsphysiologische Zusatzstoffe: 200 IE Vitamin D3, 20mg Vitamin E, 0,75mg 3b202 (Jod), 1,4mg 3b503 (Mangan), 15mg 3b603 (Zink), 300μg 3a880 (Biotin)",
  "instock": true,
  "retail_limit": "10x"
},
{
  "_id": {
    "$oid": "66bef411a9267700a3bd0240"
  },
  "unique_id": 1256062,
  "competitor_name": "fressnapf",
  "product_name": "DeliBest Kaninchenohren mit Fell 100g",
  "brand": "DeliBest",
  "regular_price": 3.49,
  "selling_price": 3.49,
  "price_per_unit": "€34.90/kg",
  "currency": "EUR",
  "breadcrumb": "Heimat > Hund > Hundefutter > Snacks > DeliBest Kaninchenohren mit Fell 100g",
  "pdp_url": "https://www.fressnapf.at/p/delibest-kaninchenohren-mit-fell-100g-1256062/",
  "product_description": "DeliBest\nArt.Nr.: 1256062\nDie Kaninchenohren mit Fell von DeliBest sind ein Snack mit wenigen Kalorien für alle Hunde.\nAuch zwischen den Mahlzeiten sollten Sie Ihrem Hund einen abwechslungsreichen und natürlichen Snack zur Belohnung oder als Beschäftigung bieten.\nDie Kaninchenohren mit Fell von DeliBest sind nicht nur ein schmackhaftes Kauerlebnis für Ihren Hund, sondern erzeugen dank der Konsistenz aus Haut und Haaren eine effektive Darmreinigung.\nDie Ohren sind die ideale Abwechslung, auch für Allergiker und bieten durch die besonders flexible Konsistenz des Ohrknorpels zusätzliche Freude am Kauen. Die Ohren wurden hitzebehandelt bei 95°C.\nBarf steht für die Rohfütterung von frischen Zutaten, die vom Hundebesitzer selber zusammengestellt werden. Hierbei versucht man so weit wie möglich die Ernährung eines wild lebenden Kaniden, wie z.B. die des Wolfes, zu imitieren.\nDabei geht es in erster Linie um Vitamine, Spurenelemente und essenzielle Fettsäuren, die man in verschiedenen Formen zusetzen kann.\nDeliBest bietet diese Nahrungsergänzungsstoffe als natürlich hergestellte Kauartikel in großer Auswahl, die den Bedarf an Proteinen, Kalzium und kollagenen Eiweißen abdecken und zusätzlich für eine sinnvolle Beschäftigung sorgen.\nEinzelfuttermittel",
  "rating": 4.59,
  "review": 54,
  "ingredients": "Analytische Bestandteile 76,1% Rohproteine 13,5% Rohfett 4,2% Rohasche Zusammensetzung 100% Kaninchenohren Feuchtegehalt 6,2% Zusatzstoffe pro kg nicht enthalten",
  "instock": true,
  "retail_limit": "10x"
},
{
  "_id": {
    "$oid": "66bef411a9267700a3bd0241"
  },
  "unique_id": 1244763,
  "competitor_name": "fressnapf",
  "product_name": "REAL NATURE Adult Mixpaket 6x800g Mixpaket 2",
  "brand": "REAL NATURE",
  "regular_price": 23.94,
  "selling_price": 23.94,
  "price_per_unit": "€4.99/kg",
  "currency": "EUR",
  "breadcrumb": "Heimat > Hund > Hundefutter > Hundenassfutter > REAL NATURE Adult Mixpaket 6x800g Mixpaket 2",
  "pdp_url": "https://www.fressnapf.at/p/real-nature-adult-mixpaket-6x800g-mixpaket-2-1244763/",
  "product_description": "REAL NATURE\nArt.Nr.: 1244763\nMixpaket mit verschiedenen Sorten - ideal zum Probieren und für mehr Abwechslung!\nREAL NATURE gibt das Beste aus der Natur weiter. Alle Zutaten werden gewissenhaft ausgewählt, um den höchsten Qualitätsanforderungen gerecht zu werden.\nMixpaket 1:\n2 x Hirsch & Huhn mit Pute, 800g\n2 x Rind mit Kartoffeln, 800g\n1 x Lamm & Rind, 800 g\n1 x Nordmeerhering & Huhn 800g\nMixpaket 2:\n2 x Kalbsherzen & Huhn, 800g\n2 x Rind mit ital. Schinken, 800g\n1 x Lamm mit Kartoffeln, 800g\n1 x Schaf & Huhn mit Ente, 800g\nREAL NATURE Alleinfuttermittel ist durch Kaltabfüllung besonders schonend verarbeitet, enthält kein Tier- und Knochenmehl und keine künstlichen Zusatz- und Konservierungsstoffe. Ehrliche Deklaration. Was drin ist, steht auch drauf!\nDie hochqualitative Vollnahrung enthält ein, zwei oder maximal drei verschiedene tierische Proteinquellen, hochwertigste pflanzliche Komponenten wie Kartoffeln oder Vollkornnudeln und wertvolle Öle, deren essenzielle Omega-6-Fettsäuren zur Haut- und Fellgesundheit beitragen können.\nDie Vorteile im Überblick:\n100% natürlich1: naturbelassene Zutaten höchster Qualität, in den eingesetzten Rohstoffen\nkeine Zusatzstoffe wie Zucker, Farbstoffe, Aromastoffe oder Konservierungsmittel\nSchutz der natürlichen Nährwerte ohne Tier- und Knochenmehl\nschonende Zubereitung\nMöchtest du mehr über die Produkte von REAL NATURE für Hunde erfahren? Tauche\nhier\nin die Welt der Produktvielfalt von REAL NATURE ein!\nAlleinfuttermittel für Hunde. Geeignet für ausgewachsene Hunde ab dem 9. bzw. 25. Lebensmonat bis zum 6. bzw. 8. Lebensjahr, je nach Rasse und Größe.Alle Informationen zum Alleinfuttermittel für erwachsene Hunde und anderen REAL NATURE Produkten erhalten Sie im PDF Download oder hier: info@fressnapf.com\nMehr Produktinfos\nInverkehrbringer\nMultiFit Tiernahrungs GmbH, Westpreußenstr. 32-38, 47809 Krefeld",
  "rating": 4.67,
  "review": 280,
  "distributor_address": "MultiFit Tiernahrungs GmbH, Westpreußenstr. 32-38, 47809 Krefeld",
  "ingredients": "Analytische Bestandteile Kalbsherzen & Huhn: 11% Protein, 6,9% Fettgehalt, 1,9% Rohasche, 0,4% Rohfaser, 0,33% Calcium, 0,29% Phosphor. Rind mit ital. Schinken: 11,8% Protein, 7,4% Fettgehalt, 1,9% Rohasche, 0,4% Rohfaser, 0,31% Calcium, 0,28% Phosphor. Lamm mit Kartoffel: 10,8% Protein, 7,1% Fettgehalt, 1,9% Rohasche, 0,4% Rohfaser, 0,29% Calcium, 0,25% Phosphor. Schaf & Huhn: 12,5% Protein, 6,5% Fettgehalt, 1,4% Rohasche, 0,4% Rohfaser, 0,32% Calcium, 0,29% Phosphor. Zusammensetzung Kalbsherzen & Huhn: 34% Kalbsherzen, 34% Huhn (aus Lebern, Mägen, Fleisch, Herzen), 25,5% Kalb- und Hühnerfleischbrühe, 5% Kartoffeln, 1% Mineralstoffe, 0,5% Kräuter der Provence.Rind mit ital. Schinken: 50% Rind (aus Fleisch, Herzen, Lungen, Lebern, Nieren, Kehlköpfen), 25,5% Rindfleischbrühe, 18% italienischer Schinken, 5% Bandnudeln, 1% Mineralstoffe, 0,5% Olivenöl.Lamm mit Kartoffel: 68% Lamm (aus Herzen, Fleisch, Pansen, Lungen, Lebern), 25,5% Lammfleischbrühe, 5% kartoffeln, 1% Mineralstoffe, 0,5% Maiskeimöl.Schaf & Huhn: 32% Schaf (aus Lungen, Lebern, Fleisch, Herzen), 28% Huhn (aus Fleisch, Herzen, Lebern, Mägen), 25,5% Schafs-, Hühner und Entenfleischbrühe, 8% Entenherzen, 5% Naturreis, 1% Mineralstoffe, 0,5% Hanföl. Feuchtegehalt Kalbsherzen  Huhn: 75%Rind mit ital. Schinken: 76%Lamm mit Kartoffel: 76%Schaf  Huhn: 74% Zusatzstoffe pro kg Vitamine: 200 IE Vitamin. D3, 30mg Vitamin E. Spurenelemente: 0,75mg Jod (Calciumjodat, wasserfrei), 3mg Mangan (Mangan-(II)-sulfat, Monohydrat), 0,03mg Selen (Natriumselenit), 15mg Zink (Zinksulfat, Monohydrat).",
  "instock": true,
  "retail_limit": "10x"
},
{
  "_id": {
    "$oid": "66bef411a9267700a3bd0242"
  },
  "unique_id": 1094261,
  "competitor_name": "fressnapf",
  "product_name": "ROYAL CANIN Maxi Puppy 2x15 kg",
  "brand": "ROYAL CANIN",
  "regular_price": 147.99,
  "selling_price": 147.99,
  "price_per_unit": "€4.93/kg",
  "currency": "EUR",
  "breadcrumb": "Heimat > Hund > Hundefutter > Hundetrockenfutter > ROYAL CANIN Maxi Puppy 2x15 kg",
  "pdp_url": "https://www.fressnapf.at/p/royal-canin-maxi-puppy-2x15-kg-1094261/",
  "product_description": "ROYAL CANIN\nArt.Nr.: 1094261\nROYAL CANIN MAXI Puppy Trockenfutter für Welpen großer Rassen bis zum 15. Monat.\nWarum ein besonderes Welpenfutter für Hunde großer Rassen?\nDas Wachstum ist eine wesentliche Lebensphase für Ihren Welpen – es ist die Zeit großer Veränderungen und neuer Entdeckungen. Während dieser entscheidenden Zeit benötigt ein Welpe eine vollwertige und ausgewogene Ernährung mit Nährstoffen, die eine optimale und anhaltende Gesundheit unterstützen, während er weiter wächst und sich entwickelt.\nROYAL CANIN Maxi Puppy ist speziell auf die Ernährungsbedürfnisse eines Welpen großer Rassen abgestimmt. Das Futter eignet sich für große Hundewelpen im Alter von 2-15 Monaten, die im ausgewachsenen Alter ein Gewicht von etwa 26 kg-44 kg erreichen.\nROYAL CANIN Maxi Puppy enthält einen patentierten Komplex aus Antioxidanzien (einschließlich des wichtigen Vitamins E), der zum Aufbau der natürlichen Abwehrkräfte Ihres Welpen beiträgt, während sein Immunsystem noch in der Entwicklungsphase ist.\nHochwertige L.I.P. Proteine, die sich durch eine sehr hohe Verdauungssicherheit auszeichnen, sowie Präbiotika wie FOS, tragen zu einer ausgeglichenen Darmflora des Welpen bei. Dies trägt wiederum zu einer guten Stuhlqualität Ihres Hundes bei.\nDie Welpen von großen Hunden haben eine lange Wachstumsphase und brauchen daher eine Ernährung, die ihre besonderen Bedürfnisse während dieser Lebensphase berücksichtigt. ROYAL CANIN Maxi Puppy enthält eine moderate Energiezufuhr, um dem Energiebedarf Ihres Welpen gerecht zu werden. Denn während zu wenig Energie eine Mangel zur Folge hätte, bewirkt ein Energieüberschuss ein zu schnelles Wachstum des Welpen – was Fehlbildungen im Skelett des Welpen zur Folge haben kann.\nWeitere Varianten für Welpen großer Rassen\nJe nach Lebensstil Ihres Welpen ist auch eine andere Variante des ROYAL CANIN Maxi Puppy Trockenfutters erhältlich. Ist Ihr Hund recht aktiv, wird sein Energiebedarf höher sein. In dem Fall können Sie sich nach einem Welpenfutter umschauen, dass auf aktivere Hunde abgestimmt ist.\nROYAL CANIN Qualitätsversprechen\nAlle ROYAL CANIN Produkte durchlaufen eine umfassende Qualitätskontrolle, um eine optimale Futterqualität zu gewährleisten und den individuellen Ernährungsbedürfnissen sowie dem Lebensstil Ihres Welpen gerecht zu werden. Das bedeutet, mit ROYAL CANIN Maxi Puppy bieten Sie Ihrem Welpen eine hochwertige und ausgewogene Ernährung.\nDie Vorteile im Überblick:\nUnterstützt die natürlichen Abwehrkräfte\nFördert die Darmgesundheit\nSpeziell konzipiert für die lange Wachstumsphase großer Rassen\nAlleinfuttermittel für Welpen großer Rassen bis zum 15. Monat, weitere Informationen erhalten Sie hier: Mail: info.de@royalcanin.com\nWeb: www.royal-canin.de\nTel: +49 221 9370 60 629\nInverkehrbringer\nRoyal Canin Tiernahrung GmbH, Habsburgerring 2, 50674 Köln",
  "rating": 4.72,
  "review": 178,
  "distributor_address": "Royal Canin Tiernahrung GmbH, Habsburgerring 2, 50674 Köln",
  "ingredients": "Analytische Bestandteile Protein 30%, Fettgehalt 16%, Rohasche 7,7%, Rohfaser 2,6% Zusammensetzung Geflügelprotein (getrocknet), Reis, Maisfuttermehl,b Pflanzenproteinisolat*, Tierfett, Mais, Weizenmehl, tierisches Protein (hydrolysiert), Rübentrockenschnitzel, Maiskleberfutter, Mineralstoffe, Lignozellulose, Sojaöl, Fischöl, Fructo Oligosaccharide (0,34 %), Psyllium (Hüllschichten und Samen), Hefehydrolysat [Quelle für Mannan-Oligosaccharide], Hefeextrakte [Quelle von Betaglucanen],Tagetesblütenmehl (Quelle für Lutein), Hydrolysat aus Krustentieren (Quelle für Glukosamin), Hydrolysat aus Knorpel (Quelle für Chondroitin). Feuchtegehalt 9.5% Zusatzstoffe pro kg Ernährungsphysiologische Zusatzstoffe Vitamin A (15.500 IE/kg), Vitamin D3 (1.000 IE/kg), Vitamin E (480 mg/kg), E1 [Eisen] (42 mg/kg), E2 [Jod] (4.2 mg/kg), E4 [Kupfer] (13 mg/kg), E5 [Mangan] (55 mg/kg], E6 [Zink] (132 mg/kg), E8 [Selen] (0,07 mg/kg). Technologische Zusatzstoffe: Klinoptilolith sedimentären Ursprungs (10 g/kg) Sensorische Zusatzstoffe: Yucca-Extrakt (125 mg/kg) - Konservierungsstoffe - Antioxidantien.",
  "instock": true,
  "retail_limit": "10x"
},
{
  "_id": {
    "$oid": "66bef411a9267700a3bd0243"
  },
  "unique_id": 1003096001,
  "competitor_name": "fressnapf",
  "product_name": "GOURMET Gold Feine Komposition 4x85g",
  "brand": "GOURMET",
  "regular_price": 3.49,
  "selling_price": 3.49,
  "price_per_unit": "€10.26/kg",
  "currency": "EUR",
  "breadcrumb": "Heimat > Katze > Katzenfutter > Nassfutter > GOURMET Gold Feine Komposition 4x85g",
  "pdp_url": "https://www.fressnapf.at/p/gourmet-gold-feine-komposition-4x85g-1003096001/",
  "product_description": "GOURMET\nArt.Nr.: 1003096001\nGOURMET Gold Feine Komposition - Doppelter Genuss für Ihre Samtpfote! Eine köstliche Kombination zweier Kreationen in einer Mahlzeit.\nEin vollendetes Zusammenspiel hochwertiger Zutaten, die in einzigartigen Kreationen zu verführerischen Mahlzeiten miteinander kombiniert werden. Die vielfältigen Menüs bieten eine Vielzahl an Sorten und Geschmacksvariationen und sorgen täglich für genussvolle Abwechslung. Katzen sind wahre Feinschmecker und lieben es jeden Tag verschiedene Kreationen und Geschmacksrichtungen auszuprobieren.\nGOURMET Gold - Feine Komposition ist eine Katzennahrung mit der Sie bei jeder Mahlzeit den anspruchsvollen Gaumen Ihrer Katze verwöhnen können.\nDie Vorteile im Überblick:\nAus hochwertigen Zutaten hergestellt\nUnvergleichliche Rezeptur\nVerwöhnt auch anspruchsvolle Katzen\nIn vielen delikaten Geschmacksrichtungen\nAus der praktischen Portionsdose immer frisch servierbar\nGOURMET Gold Feine Komposition 4x85g:\n1x mit Rind und Huhn 85g\n1x mit Kaninchen und Leber 85g\n1x mit Hochseefisch in einer Sauce mit Spinat 85g\n1x mit Ente und Truthahn 85g\nAlleinfuttermittel für ausgewachsene Katzen. Weitere Informationen erhalten Sie hier:\nwww.purina.de\nInverkehrbringer\nNestlé Purina Petcare Deutschland GmbH, Albert-Latz-Str. 6, 53879 Euskirchen",
  "rating": 4.68,
  "review": 299,
  "distributor_address": "Nestlé Purina Petcare Deutschland GmbH, Albert-Latz-Str. 6, 53879 Euskirchen",
  "ingredients": "Analytische Bestandteile Protein 10%, Fettgehalt 3%, Rohasche 2%, Rohfaser 0,1%. Zusammensetzung Mit Rind und Huhn: Fleisch und tierische Nebenerzeugnisse (davon 4% Rind, 4% Huhn), pflanzliche Eiweißextrakte, Getreide, Fisch und Fischnebenerzeugnisse, Mineralstoffe, Zucker. Mit Kaninchen und Leber: Fleisch und tierische Nebenerzeugnisse (davon 4% Kaninchen, 4% Leber), pflanzliche Eiweißextrakte, Getreide, Fisch und Fischnebenerzeugnisse, Mineralstoffe, Zucker. Mit Hochseefisch in einer Sauce mit Spinat: Fleisch und tierische Nebenerzeugnisse, Fisch und Fischnebenerzeugnisse (davon 4% Hochseefisch), pflanzliche Eiweißextrakte, Getreide, Mineralstoffe, Gemüse (0,5% dehydrierter Spinat, entspricht 7% Spinat in der Sauce), Zucker. Mit Ente und Truthahn: Fleisch und tierische Nebenerzeugnisse (davon 4% Ente, 4% Truthahn), pflanzliche Eiweißextrakte, Getreide, Fisch und Fischnebenerzeugnisse, Mineralstoffe, Zucker. Feuchtegehalt 81,5% Zusatzstoffe pro kg Ernährungsphysiologische Zusatzstoffe: Vitamin A 635 IE/kg, Vitamin D3 95 IE/kg, Eisensulfat Monohydrat 22,4 mg/kg, Calciumjodat, wasserfrei 0,28 mg/kg, Kupfersulfat Pentahydrat 2,5 mg/kg, Mangansulfat Monohydrat 4,4 mg/kg, Zinksulfat Monohydrat 36 mg/kg.",
  "instock": true,
  "retail_limit": "10x"
},
{
  "_id": {
    "$oid": "66bef411a9267700a3bd0244"
  },
  "unique_id": 1212195,
  "competitor_name": "fressnapf",
  "product_name": "bosch Soft Hühnchen & Banane 2.5 kg",
  "brand": "bosch",
  "regular_price": 15.99,
  "selling_price": 15.99,
  "price_per_unit": "€6.40/kg",
  "currency": "EUR",
  "breadcrumb": "Heimat > Hund > Hundefutter > Hundetrockenfutter > bosch Soft Hühnchen & Banane 2,5 kg",
  "pdp_url": "https://www.fressnapf.at/p/bosch-soft-huehnchen--banane-25-kg-1212195/",
  "product_description": "bosch\nArt.Nr.: 1212195\nbosch SOFT Hühnchen ist ein single Protein-Produkt für die ausgewogene Ernährung ausgewachsener Hunde aller Rassen.\nbosch SOFT Hühnchen & Banane ist besonders für ernährungssensible Hunde geeignet, die unter Futterunverträglichkeiten und Allergien leiden.\nDer hohe Anteil an frischem Hühnchen (60%) als alleinige, tierische Proteinquelle und hochverdaulicher Banane als Kohlenhydratquelle verwöhnen ihren Hund schonend und natürlich getreidefrei.\nDie weiche Krokette (18% Feuchte) macht bosch SOFT Hühnchen & Banane zu einem besonderen Geschmackserlebnis für Ihren Hund und ist besonders verträglich Ausgezeichnet als besonders schmackhaft und bekömmlich.\nDie Vorteile im Überblick:\n60% frisches Hühnchen\nGetreidefrei\nHochverdauliche Banane\nFür ernährungssensible Hunde\nHohe Akzeptanz Single\nSingle Protein\nAlleinfuttermittel für Hunde, weitere Informationen erhalten Sie hier: info@bosch-tiernahrung.de",
  "rating": 4.62,
  "review": 145,
  "ingredients": "Analytische Bestandteile Feuchte 18,00% Protein 21,00% Fettgehalt 14,00% Rohfaser 2,50% Rohasche 7,00% Calcium 1,40% Phosphor 1,00% Zusammensetzung Frisches Hühnchen (60%), Kartoffelstärke, Kochbanane (getrocknet, 8%), Kartoffeleiweiß, Proteinhydrolysat (pflanzlich), Erbsen (getrocknet), Zellulosefasern, Flohsamen, Chicoreepulver (0,4%), Hefe (getrocknet), Natriumchlorid, Glucosamine, Chondroitinsulfat, Yucca (getrocknet). Feuchtegehalt 18% Zusatzstoffe pro kg Vitamin A 12.000 I. E. Vitamin D3 1.200 I. E. Vitamin E 70mg Spurenelemente je KG: Zink (als Zinkoxid) 70mg Zink (als Aminosäure-Zinkchelat, Hydrat) 25mg Kupfer (als Kupfer-(II)-Sulfat, Pentahydrat) 10mg Jod (als Calciumjodat, wasserfrei) 2mg Selen (als Natriumselenit) 0,2mg",
  "instock": true,
  "retail_limit": "10x"
},
{
  "_id": {
    "$oid": "66bef411a9267700a3bd0245"
  },
  "unique_id": 1244972,
  "competitor_name": "fressnapf",
  "product_name": "PREMIERE Soft Geflügel 3x4 kg",
  "brand": "PREMIERE",
  "regular_price": 67.47,
  "selling_price": 67.47,
  "price_per_unit": "€5.62/kg",
  "currency": "EUR",
  "breadcrumb": "Heimat > Hund > Hundefutter > Hundetrockenfutter > PREMIERE Soft Geflügel 3x4 kg",
  "pdp_url": "https://www.fressnapf.at/p/premiere-soft-gefluegel-3x4-kg-1244972/",
  "product_description": "PREMIERE\nArt.Nr.: 1244972\nIn PREMIERE SOFT Adult ist extra viel frisches Geflügel (60%) enthalten. Daher sind die Kroketten besonders saftig und bieten vollen Fleischgeschmack.\nDurch die schonende Herstellung (Kochextrusion) bleiben die Nährstoffe weitestgehend enthalten.\nPREMIERE SOFT Adult enthält wertvolle Vitamine sowie Leinsaat und Chicoree, welche zu einer optimalen Verdauung beitragen können.\nDie Rezeptur von SOFT Adult ist optimal auf die Bedürfnisse ausgewachsener Hunde abgestimmt.\nDie Vorteile im Überblick:\nextra hoher Frischfleisch-Anteil (60%) für beste Akzeptanz\nhalbfeuchte, besonders saftige Kroketten bieten vollen Fleischgeschmack\nhoher Geflügelanteil: 68% am Gesamtgewicht\noptimale Verdauung durch Leinsaat und Chicoree\nnährstoffschonende Herstellung\nohne künstliche Farbstoffe\n*Schmeckt nicht? Mit unserer\nQualitätsgarantie\nbekommst du dein Geld zurück und suchst dir einfach ein anderes Futter aus.\nAlleinfuttermittel fürausgewachsene Hunde, weitere Informationen erhalten Sie hier:\ninfo@fressnapf.com\nFütterungsempfehlung\nGewicht des Tieres\nFuttermenge pro Tag\n3 kg\n55 g\n5 kg\n85 g\n7,5 kg\n115 g\n10 kg\n140 g\n12,5 kg\n170 g\n15 kg\n190 g\n20 kg\n240 g\n25 kg\n285 g\n30 kg\n330 g\n40 kg\n405 g\n50 kg\n485 g\n60 kg\n555 g\nInhaltsstoffe\nAnalytische Bestandteile\nProtein 25%, Fettgehalt 16%, Rohasche 6.9%, Rohfaser 2%, Feuchtigkeit 19%, Calcium 1,6%, Phosphor 1,15%, Omega-3-Fettsäuren 0,5%, Omega-6-Fettsäuren 2,65%\nZusammensetzung\nGeflügel (60%, frisch), Mais, Reis, Geflügelfleischmehl (8%), Leinsaat (1,3%), hydrolysierte Tierproteine, Rübentrockenschnitzel (entzuckert), Fischöl, Chicoree (0,25%, getrocknet), Bierhefe (getrocknet), Erbsen, Sellerie (getrocknet), Tomaten (getrocknet), Karotten (getrocknet), Äpfel (Getrocknet), Yucca (getrocknet), Preiselbeeren (getrocknet), Blaubeeren (getrocknet), Tagetesblüten (getrocknet), Brennnessel (getrocknet), Brombeerblätter (getrocknet), Schafgarbe (getrocknet), Fenchel (getrocknet), Kümmel (getrocknet), Kamillenblüten (getrocknet), Mistelkraut (getrocknet), Enzianwurzel (getrocknet), Tausendgüldenkraut (getrocknet).\nFeuchtegehalt\n19%\nZusatzstoffe pro kg\nErnährungsphysiologische Zusatzstoffe/kg: Vitamine: Vitamin A 11750 IE, Vitamin D3 1175 IE, Vitamin E 70mg; Spurenelemente: Kupfer (Kupfer-II-Sulfat, Pentahydrat) 10mg, Jod (Calciumjodat, wasserfrei) 2mg, Selen (Natriumselenit) 0,2mg, Zink (Zinkoxid) 70mg.Technologische Zusatzstoffe: Antioxidationsmittel\nVersandinformationen\nLieferungen erfolgen ab einem Mindestbestellwert von € 19,00 inkl. Mehrwertsteuer nach Abzug von Rabatten.\nWelche Versandkosten fallen für meine Bestellung an?\nWir berechnen € 2,99 bis zu einem Bestellwert von 29,00 €  – unabhängig von der Anzahl der Artikel und der Versandart.\nLieferungen ab 29,00 € werden mit 0,99 € Versandkosten pro Bestellung berechnet. Bei Bestellungen die ein Gesamtgewicht von 31 kg überschreiten, werden je nach Gewicht zwei oder mehrere Pakete versendet (Maximalgewicht pro Paket 31 kg). Für den erhöhten Versandaufwand berechnen wir einmalig zusätzliche Versandkosten in Höhe von 2,99 € pro Bestellung.\nLieferungen sind grundsätzlich nur innerhalb Österreichs möglich.\nDie Lieferzeit beträgt 1-3 Werktage bei Bestellungen bis 16 Uhr.\nKundenbewertungen und -rezensionen verstehen\nProduktbewertungen\nWie funktionieren Bewertungen in der Fressnapf-Gruppe (einschließlich Maxi Zoo)?\nKundenmeinungen in Form von Produkt- und Sternebewertungen sind dienlich für alle Kunden. Sie ermöglichen mehr über das Produkt zu erfahren und helfen bei Kaufentscheidung. Jeder Kunde, der ein Produkt Online oder im Markt erworben hat, kann eine Bewertung abgeben. Wir beziehen zudem Bewertungen aus Dritt-Quellen, z.B. von Hersteller-Seiten. Die Bewertungsherkunft wird an den jeweiligen Rezension ausgewiesen. Für Fressnapf ist das Meinungsbild seiner Kunden wichtig, um Schwachstellen zu analysieren und die Produktqualität zu verbessern. Alle Bewertungen werden durch unseren Dienstleister Bazaarvoice auf Vertrauenswürdigkeit geprüft. Bewertungsinhalte, die gegen die Nutzungsbedingungen der Fressnapf-Gruppe verstoßen, werden abgelehnt. Sonst erfolgt die Veröffentlichung von positiven wie auch negativen Produktbewertungen.\nHier mehr Informationen rund um Produktbewertungen\n.\nWeitere Informationen zur Verarbeitung Ihrer personenbezogenen Daten entnehmen Sie bitte unseren\nDatenschutzhinweisen\n.",
  "rating": 4.55,
  "review": 113,
  "ingredients": "Analytische Bestandteile Protein 25%, Fettgehalt 16%, Rohasche 6.9%, Rohfaser 2%, Feuchtigkeit 19%, Calcium 1,6%, Phosphor 1,15%, Omega-3-Fettsäuren 0,5%, Omega-6-Fettsäuren 2,65% Zusammensetzung Geflügel (60%, frisch), Mais, Reis, Geflügelfleischmehl (8%), Leinsaat (1,3%), hydrolysierte Tierproteine, Rübentrockenschnitzel (entzuckert), Fischöl, Chicoree (0,25%, getrocknet), Bierhefe (getrocknet), Erbsen, Sellerie (getrocknet), Tomaten (getrocknet), Karotten (getrocknet), Äpfel (Getrocknet), Yucca (getrocknet), Preiselbeeren (getrocknet), Blaubeeren (getrocknet), Tagetesblüten (getrocknet), Brennnessel (getrocknet), Brombeerblätter (getrocknet), Schafgarbe (getrocknet), Fenchel (getrocknet), Kümmel (getrocknet), Kamillenblüten (getrocknet), Mistelkraut (getrocknet), Enzianwurzel (getrocknet), Tausendgüldenkraut (getrocknet). Feuchtegehalt 19% Zusatzstoffe pro kg Ernährungsphysiologische Zusatzstoffe/kg: Vitamine: Vitamin A 11750 IE, Vitamin D3 1175 IE, Vitamin E 70mg; Spurenelemente: Kupfer (Kupfer-II-Sulfat, Pentahydrat) 10mg, Jod (Calciumjodat, wasserfrei) 2mg, Selen (Natriumselenit) 0,2mg, Zink (Zinkoxid) 70mg.Technologische Zusatzstoffe: Antioxidationsmittel",
  "instock": true,
  "retail_limit": "10x"
},
{
  "_id": {
    "$oid": "66bef411a9267700a3bd0246"
  },
  "unique_id": 1244918,
  "competitor_name": "fressnapf",
  "product_name": "ROYAL CANIN Mops Adult 2x3 kg",
  "brand": "ROYAL CANIN",
  "regular_price": 43.99,
  "selling_price": 43.99,
  "price_per_unit": "€7.33/kg",
  "currency": "EUR",
  "breadcrumb": "Heimat > Hund > Hundefutter > Hundetrockenfutter > ROYAL CANIN Mops Adult 2x3 kg",
  "pdp_url": "https://www.fressnapf.at/p/royal-canin-mops-adult-2x3-kg-1244918/",
  "product_description": "ROYAL CANIN\nArt.Nr.: 1244918\nRoyal Canin Pug Adult ist ein Trockenfutter, das speziell an die Bedürfnisse ausgewachsener Möpse angepasst wurde.\nWarum ein besonderes Futter für ausgewachsene Möpse?\nDer Mops ist in der Regel ein robuster, lebhafter und intelligenter Hund. Gutmütig, aber ebenso wachsam und treu begleitet der vielseitig einsetzbare Hund „seinen“ Menschen überall hin. Da jede Rasse ihre ganz eigenen Bedürfnisse aufweist, sollte die Ernährung den jeweiligen einzigartigen Lebensstil unterstützen und seine optimale Gesundheit fördern. Aus diesem Grund ist die Auswahl einer abgestimmten Nahrung sehr wichtig.\nRoyal Canin Pug Adult ist für Möpse ab dem 10. Lebensmonat geeignet und wurde speziell auf die Bedürfnisse dieser Rasse abgestimmt. Diese Rassenahrung hat einen speziell angepassten Energiegehalt, der Ihrem Mops dabei hilft, sein Idealgewicht zu halten. Die enthaltene Faserkombination sorgt für ein langanhaltendes Sättigungsgefühl und unterstützt eine gesunde und regelmäßige Verdauung.\nIn den Hautfalten kann sich Feuchtigkeit bilden, wodurch Irritationen der Haut entstehen können. Mit dieser rassespezifischen Trockennahrung kann die Barrierefunktion der Haut unterstützt werden. Dies kann zur allgemeinen Hautgesundheit beitragen. Durch die charakteristische Kiefer- und Lippenform neigt der Mops dazu, das Futter unzerkaut hinunterzuschlucken. Die exklusiven, maßgeschneiderten Kroketten von Royal Canin Pug Adult sind speziell auf den brachyzephalen Kiefer angepasst – so wird Ihr Mops zum intensiven Kauen angeregt.\nRoyal Canin Qualitätsversprechen\nAlle Royal Canin Produkte durchlaufen eine umfassende Qualitätskontrolle, um eine optimale Futterqualität zu gewährleisten und den individuellen Ernährungsbedürfnissen sowie dem Lebensstil Ihres Hundes gerecht zu werden. Das bedeutet, mit Royal Canin Pug Adult bieten Sie Ihrem Mops eine hochwertige und ausgewogene Ernährung.\nDie Vorteile im Überblick:\nGesunde Haut\nErhalt der idealen Muskelmasse\nUnterstützt ein ideales Körpergewicht\nAlleinfuttermittel für Hunde. Speziell geeignet für ausgewachsene Möpse, empfohlen abdem 10. Monat. Weitere Informationen erhalten Sie hier: Mail: info.de@royalcanin.com\nWeb: www.royal-canin.de\nTel: +49 221 9370 60 641\nInverkehrbringer\nRoyal Canin Tiernahrung GmbH, Habsburgerring 2, 50674 Köln",
  "rating": 4.9,
  "review": 29,
  "distributor_address": "Royal Canin Tiernahrung GmbH, Habsburgerring 2, 50674 Köln",
  "ingredients": "Analytische Bestandteile Protein 25%, Fettgehalt 16%, Rohfaser 2%, Rohasche 5,8%, NFE 41,7% Zusammensetzung Reis, Geflügelprotein (getrocknet), Maisfuttermehl, Tierfett, Mais, Weizenfuttermehl, Maiskleberfutter, Pflanzenproteinisolat*, tierisches Protein (hydrolysiert), Rübentrockenschnitzel, Lignozellulose, Fischöl, Mineralstoffe, Sojaöl, Fructo-Oligosaccharide, Borretschöl, Hydrolysat aus Krustentieren (Quelle für Glukosamin), Tagetesblütenmehl (Quelle für Lutein), Hydrolysat aus Knorpel (Quelle für Chondroitin). *L.I.P.: Für ihre sehr hohe Verdaulichkeit ausgewählte Proteine. Zusatzstoffe pro kg Ernährungsphysiologische Zusatzstoffe: Vitamin A: 29500 IE, Vitamin D3: 800 IE, E1 (Eisen): 51mg, E2 (Jod): 5,1mg, E4 (Kupfer): 15mg, E5 (Mangan): 67mg, E6 (Zink): 143mg, E8 (Selen): 0,11mg Technologische Zusatzstoffe: Klinoptilolith sedimentären Ursprungs: 10g Sensorische Zusatzstoffe: Tee-Extrakt (Quelle für Polyphenole): 150mg Konservierungsstoffe: Antioxidanzien.",
  "instock": true,
  "retail_limit": "10x"
},
{
  "_id": {
    "$oid": "66bef411a9267700a3bd0247"
  },
  "unique_id": 1246276,
  "competitor_name": "fressnapf",
  "product_name": "SELECT GOLD Sensitive Adult Huhn & Reis 10x125 g",
  "brand": "SELECT GOLD",
  "regular_price": 14.9,
  "selling_price": 14.9,
  "price_per_unit": "€11.92/kg",
  "currency": "EUR",
  "breadcrumb": "Heimat > Hund > Hundefutter > Hundenassfutter > SELECT GOLD Sensitive Adult Huhn & Reis 10x125 g",
  "pdp_url": "https://www.fressnapf.at/p/select-gold-sensitive-adult-huhn--reis-10x125-g-1246276/",
  "variants": "{'variant': ['Rind & Reis']}",
  "product_description": "SELECT GOLD\nArt.Nr.: 1246276\nSELECT GOLD Sensitive Nassnahrung ist die Lösung für Hunde, die zu Futtermittelunverträglichkeiten oder sensibler Verdauung neigen.\nDie hochwertigen Rezepturen zeichnen sich durch wenige, sehr gut verträgliche Zutaten aus und sind zusätzlich abgestimmt auf die jeweilige Lebensphase.\nSELECT GOLD Sensitive Adult  ist die perfekte Premium-Nassnahrung für Hunde ab dem 11.–24. Lebensmonat (je nach Hundegröße), für die hohe Verträglichkeit wichtig ist.\nDie Vorteile im Überblick:\nohne Zusatz von Zucker, Soja, Konservierungsmitteln und Farbstoffen\nHoher Anteil tierischer Proteine mit bis zu 68%.\nWeizen- und glutenfreie Rezeptur.\nPrebiotisch wirkende Fructo-Oligosaccharide (FOS) unterstützen den Aufbau und Erhalt einer stabilen Darmflora\nOptimale Nährstoffversorgung durch erlesene Zutaten.\nNatürliche Omega-3- und Omega-6-Fettsäuren aus Sonnenblumenöl und Rapsöl sowie Biotin könnenzu intakter Haut und schönem Fell beitragen.\nMöchtest du mehr über die Produkte von SELECT GOLD für Hunde erfahren? Tauche\nhier\nin die Welt der Produktvielfalt von SELECT GOLD ein!-\nAlleinfuttermittel für Ihren Hund, weitere Informationen erhalten Sie hier: info@fressnapf.com\nMehr Produktinfos\nInverkehrbringer\nMultiFit Tiernahrungs GmbH, Westpreußenstr. 32-38, 47809 Krefeld",
  "rating": 4.73,
  "review": 91,
  "distributor_address": "MultiFit Tiernahrungs GmbH, Westpreußenstr. 32-38, 47809 Krefeld",
  "ingredients": "Analytische Bestandteile Protein 10,3%, Fettgehalt 6,2%, Rohasche 2%, Rohfaser 0,4% Zusammensetzung Hühnerfleisch und Innereien vom Huhn (68%), Hühnerfleischbrühe (27,5%), Naturreis (3%), Mineralstoffe (1%), Sonnenblumenöl (0,2%), Fructo-Oligosaccharide (0,2%), Rapsöl (0,1%) Feuchtegehalt 75% Zusatzstoffe pro kg Ernährungsphysiologische Zusatzstoffe: Vitamin D3 200 IE, E2 (Jod) 0,75mg, E5 (Mangan) 3mg, E6 (Zink) 15mg",
  "instock": true,
  "retail_limit": "10x"
},
{
  "_id": {
    "$oid": "66bef411a9267700a3bd0248"
  },
  "unique_id": 1278855,
  "competitor_name": "fressnapf",
  "product_name": "PREMIERE Meat Menu Kitten Fleischkomposition 16x100 g",
  "brand": "PREMIERE",
  "regular_price": 15.84,
  "selling_price": 15.84,
  "price_per_unit": "€9.90/kg",
  "currency": "EUR",
  "breadcrumb": "Heimat > Katze > Katzenfutter > Nassfutter > PREMIERE Meat Menu Kitten Fleischkomposition 16x100 g",
  "pdp_url": "https://www.fressnapf.at/p/premiere-meat-menu-kitten-fleischkomposition-16x100-g-1278855/",
  "variants": "{'variant': ['Rind & Geflügelkomposition', 'Rind mit Putenherzen']}",
  "product_description": "PREMIERE\nArt.Nr.: 1278855\nFür unsere Fleischliebhaber: PREMIERE Meat Menu Kitten ist ein Alleinfuttermittel für heranwachsende Katzen mit 100% Frischfleisch im Fleischanteil.\nDie Rezeptur ist getreidefrei und ohne Zusatz von Soja, Zucker sowie künstlichen Aromastoffem. Mit wertvollem Taurin. Die verschiedenen Sorten sorgen für mehr Abwechslung im Katzennapf.\nDie Vorteile im Überblick:\n100% Frischfleisch im Fleischanteil\n15% Anteil Muskelfleisch\nmit getreidefreier Rezeptur\nohne Soja- oder Zuckerzusatz\nmit wertvollem Taurin\nohne künstliche Aromastoffe\nohne künstliche Geschmacksverstärker\nmit Tierärzten entwickelt\n*Schmeckt nicht? Mit unserer\nQualitätsgarantie\nbekommst du dein Geld zurück und suchst dir einfach ein anderes Futter aus.\nAlleinfuttermittel für Katzenwelpen. Weitere Informationen erhalten Sie hier:\ninfo@fressnapf.com\nInverkehrbringer\nMultiFit Tiernahrungs GmbH, Westpreußenstr. 32-38, 47809 Krefeld\nFütterungsempfehlung\nAlter des Tieres\nFuttermenge pro Tag\n2 - 3 Monate\n215 - 250 g\n4 - 12 Monate\n260 - 275 g\nAlter des Tieres\nFuttermenge pro Tag\n2 - 3 Monate\n215 - 250 g\n4 - 12 Monate\n260 - 275 g\nAngaben sind Richtwerte. Der tatsächliche Bedarf richtet sich nach Rasse, Alter und Aktivität. Nach dem Öffnen im Kühlschrank aufbewahren. Zimmerwarm füttern.\nAngaben sind Richtwerte. Der tatsächliche Bedarf richtet sich nach Rasse, Alter und Aktivität. Nach dem Öffnen im Kühlschrank aufbewahren. Zimmerwarm füttern.\nInhaltsstoffe\nAnalytische Bestandteile\nProtein 11,1%, Fettgehalt 6,6%, Rohasche 2,2%, Rohfaser 0,5%, Feuchtigkeit 78%, Calcium 0,31%, Phosphor 0,26%\nZusammensetzung\n40% Rind (Herz, Fleisch, Lunge, Leber), 31% Trinkwasser, 21% Huhn (Herz, Fleisch, Leber), 7% Wild (Herz, Fleisch), 1% Mineralstoffe. Anteil Muskelfleisch 15%\nFeuchtegehalt\n78%\nZusatzstoffe pro kg\nErnährungsphysologische Zusatzstoffe/kg: Vitamin D3 200IE, Vitamin E 20mg, Taurin 1500mg, Jod (Kalziumjodat ,wasserfrei) 0,75mg, Mangan (Mangan(II)-sulfat, Monohydrat) 1,4mg, Zink (Zinksulfat, Monohydrat) 25mg\nVersandinformationen\nLieferungen erfolgen ab einem Mindestbestellwert von € 19,00 inkl. Mehrwertsteuer nach Abzug von Rabatten.\nWelche Versandkosten fallen für meine Bestellung an?\nWir berechnen € 2,99 bis zu einem Bestellwert von 29,00 €  – unabhängig von der Anzahl der Artikel und der Versandart.\nLieferungen ab 29,00 € werden mit 0,99 € Versandkosten pro Bestellung berechnet. Bei Bestellungen die ein Gesamtgewicht von 31 kg überschreiten, werden je nach Gewicht zwei oder mehrere Pakete versendet (Maximalgewicht pro Paket 31 kg). Für den erhöhten Versandaufwand berechnen wir einmalig zusätzliche Versandkosten in Höhe von 2,99 € pro Bestellung.\nLieferungen sind grundsätzlich nur innerhalb Österreichs möglich.\nDie Lieferzeit beträgt 1-3 Werktage bei Bestellungen bis 16 Uhr.\nKundenbewertungen und -rezensionen verstehen\nProduktbewertungen\nWie funktionieren Bewertungen in der Fressnapf-Gruppe (einschließlich Maxi Zoo)?\nKundenmeinungen in Form von Produkt- und Sternebewertungen sind dienlich für alle Kunden. Sie ermöglichen mehr über das Produkt zu erfahren und helfen bei Kaufentscheidung. Jeder Kunde, der ein Produkt Online oder im Markt erworben hat, kann eine Bewertung abgeben. Wir beziehen zudem Bewertungen aus Dritt-Quellen, z.B. von Hersteller-Seiten. Die Bewertungsherkunft wird an den jeweiligen Rezension ausgewiesen. Für Fressnapf ist das Meinungsbild seiner Kunden wichtig, um Schwachstellen zu analysieren und die Produktqualität zu verbessern. Alle Bewertungen werden durch unseren Dienstleister Bazaarvoice auf Vertrauenswürdigkeit geprüft. Bewertungsinhalte, die gegen die Nutzungsbedingungen der Fressnapf-Gruppe verstoßen, werden abgelehnt. Sonst erfolgt die Veröffentlichung von positiven wie auch negativen Produktbewertungen.\nHier mehr Informationen rund um Produktbewertungen\n.\nWeitere Informationen zur Verarbeitung Ihrer personenbezogenen Daten entnehmen Sie bitte unseren\nDatenschutzhinweisen\n.",
  "rating": 4.54,
  "review": 54,
  "distributor_address": "MultiFit Tiernahrungs GmbH, Westpreußenstr. 32-38, 47809 Krefeld",
  "ingredients": "Analytische Bestandteile Protein 11,1%, Fettgehalt 6,6%, Rohasche 2,2%, Rohfaser 0,5%, Feuchtigkeit 78%, Calcium 0,31%, Phosphor 0,26% Zusammensetzung 40% Rind (Herz, Fleisch, Lunge, Leber), 31% Trinkwasser, 21% Huhn (Herz, Fleisch, Leber), 7% Wild (Herz, Fleisch), 1% Mineralstoffe. Anteil Muskelfleisch 15% Feuchtegehalt 78% Zusatzstoffe pro kg Ernährungsphysologische Zusatzstoffe/kg: Vitamin D3 200IE, Vitamin E 20mg, Taurin 1500mg, Jod (Kalziumjodat ,wasserfrei) 0,75mg, Mangan (Mangan(II)-sulfat, Monohydrat) 1,4mg, Zink (Zinksulfat, Monohydrat) 25mg",
  "instock": true,
  "retail_limit": "10x"
},
{
  "_id": {
    "$oid": "66bef411a9267700a3bd0249"
  },
  "unique_id": 1173412,
  "competitor_name": "fressnapf",
  "product_name": "Flexi New Classic Gurt schwarz S. 5 m. 15 kg",
  "brand": "Flexi",
  "regular_price": 10.49,
  "selling_price": 10.49,
  "currency": "EUR",
  "breadcrumb": "Heimat > Hund > Gassi gehen > Hundeleinen > Flexi New Classic Gurt schwarz S, 5 m, 15 kg",
  "pdp_url": "https://www.fressnapf.at/p/flexi-new-classic-gurt-schwarz-s-5-m-15-kg-1173412/",
  "variants": "{'variant': ['rot', 'blau', 'pink']}",
  "product_description": "Flexi\nArt.Nr.: 1173412\nGenießen Sie Ihren Spaziergang mit der klassisch perfekten flexi New Classic Rollleine.\nNew Classic - die klassisch perfekte Rollleine von flexi besticht durch stilvolles Design und den ergonomischen Griff. Mit dem innovativen Bremssystem sorgt die New Classic Leine für hohe Sicherheit und komfortable Handhabung beim Gassi gehen.\nAufgrund der reibungslosen Aufrollautomatik hängt die Leine nicht mehr durch und bietet Ihrem Hund den optimalen Auslauf. Durch den Druck der Stopp-Taste lässt sich der Auslauf einfach und sicher stoppen. Durch Einlegen des separaten Dauerstopps kann Ihr Hund dauerhaft kurz gehalten werden, ohne dass die Stopp-Taste ständig gedrückt gehalten werden muss. Die komfortable Einhandbedienung in Verbindung mit einer klassischen Optik macht die flexi New Classic Rollleine zu einem praktischen Begleiter.\nDie Leine ist mit praktischen Accessoires wie der Multi Box und dem LED Lighting System (ab Größe S) erweiterbar.\nGröße\nLänge\nGewicht\nXS\n3 m\nmax. 12 kg\nS\n5 m\nmax. 15 kg\nM\n5 m\nmax. 25 kg\nL\n5 m\nmax. 50 kg\nL\n8 m\nmax. 50 kg\nInverkehrbringer\nflexi-Bogdahn International GmbH & Co. KG, Carl-Benz-Weg 13, 22941 Bargteheide",
  "color": "schwarz",
  "rating": 3.96,
  "review": 84,
  "distributor_address": "flexi-Bogdahn International GmbH & Co. KG, Carl-Benz-Weg 13, 22941 Bargteheide",
  "instock": true,
  "retail_limit": "10x"
},
{
  "_id": {
    "$oid": "66bef411a9267700a3bd024a"
  },
  "unique_id": 1005693,
  "competitor_name": "fressnapf",
  "product_name": "AniOne Streuschaufel. fein M",
  "brand": "AniOne",
  "regular_price": 3.99,
  "selling_price": 3.99,
  "currency": "EUR",
  "breadcrumb": "Heimat > Katze > Hygiene & Pflege > Toilettenzubehör > AniOne Streuschaufel, fein M",
  "pdp_url": "https://www.fressnapf.at/p/anione-streuschaufel-fein-m-1005693/",
  "product_description": "AniOne\nArt.Nr.: 1005693\nZur einfachen und schnellen Reinigung der Katzentoilette.\nKatzen achten sehr auf Hygiene und dies schließt die Toilette mit ein, denn riecht es unangenehm oder ist verschmutzt, wird Ihr Stubentieger das \"stille Örtchen\" nicht mehr aufsuchen und wird im schlimmsten Fall unrein.\nAniOne bietet für jede Gelegenheit das passende Zubehör – jedes Produkt ist optimal auf die Bedürfnisse der Tiere zugeschnitten.\nDie AniOne Streuschaufel wurde speziell für\nfeines Katzenstreu\nentwickelt. Die enge Maschenweite der Streuschaufel nimmt die verunreinigte Katzenstreu zuverlässig auf und lässt die saubere Katzenstreu zur Weiterbenutzung in die Katzentoilette zurück rieseln.\nSomit können Sie ganz einfach verbrauchte Katzenstreu entnehmen und diese von der sauberen unbenutzten Streu trennen.\nMaße (LxB):\nS: 26x10cm\nM: 32x12,5cm\nInverkehrbringer\nMultiFit Tiernahrungs GmbH, Westpreußenstr. 32-38, 47809 Krefeld",
  "rating": 4.44,
  "review": 133,
  "distributor_address": "MultiFit Tiernahrungs GmbH, Westpreußenstr. 32-38, 47809 Krefeld",
  "instock": true,
  "retail_limit": "10x"
},
{
  "_id": {
    "$oid": "66bef411a9267700a3bd024b"
  },
  "unique_id": 1267777,
  "competitor_name": "fressnapf",
  "product_name": "Flexi New Classic Gurt schwarz L. 5 m. 50 kg",
  "brand": "Flexi",
  "regular_price": 22.99,
  "selling_price": 22.99,
  "currency": "EUR",
  "breadcrumb": "Heimat > Hund > Gassi gehen > Hundeleinen > Flexi New Classic Gurt schwarz L, 5 m, 50 kg",
  "pdp_url": "https://www.fressnapf.at/p/flexi-new-classic-gurt-schwarz-l-5-m-50-kg-1267777/",
  "variants": "{'variant': ['rot', 'blau', 'pink']}",
  "product_description": "Flexi\nArt.Nr.: 1267777\nGenießen Sie Ihren Spaziergang mit der klassisch perfekten flexi New Classic Rollleine.\nNew Classic - die klassisch perfekte Rollleine von flexi besticht durch stilvolles Design und den ergonomischen Griff. Mit dem innovativen Bremssystem sorgt die New Classic Leine für hohe Sicherheit und komfortable Handhabung beim Gassi gehen.\nAufgrund der reibungslosen Aufrollautomatik hängt die Leine nicht mehr durch und bietet Ihrem Hund den optimalen Auslauf. Durch den Druck der Stopp-Taste lässt sich der Auslauf einfach und sicher stoppen. Durch Einlegen des separaten Dauerstopps kann Ihr Hund dauerhaft kurz gehalten werden, ohne dass die Stopp-Taste ständig gedrückt gehalten werden muss. Die komfortable Einhandbedienung in Verbindung mit einer klassischen Optik macht die flexi New Classic Rollleine zu einem praktischen Begleiter.\nDie Leine ist mit praktischen Accessoires wie der Multi Box und dem LED Lighting System (ab Größe S) erweiterbar.\nGröße\nLänge\nGewicht\nXS\n3 m\nmax. 12 kg\nS\n5 m\nmax. 15 kg\nM\n5 m\nmax. 25 kg\nL\n5 m\nmax. 50 kg\nL\n8 m\nmax. 50 kg\nInverkehrbringer\nflexi-Bogdahn International GmbH & Co. KG, Carl-Benz-Weg 13, 22941 Bargteheide",
  "color": "schwarz",
  "rating": 3.96,
  "review": 84,
  "distributor_address": "flexi-Bogdahn International GmbH & Co. KG, Carl-Benz-Weg 13, 22941 Bargteheide",
  "instock": true,
  "retail_limit": "9x"
},
{
  "_id": {
    "$oid": "66bef411a9267700a3bd024c"
  },
  "unique_id": 1217026,
  "competitor_name": "fressnapf",
  "product_name": "SELECT GOLD Adult Pure Pute 12x85 g",
  "brand": "SELECT GOLD",
  "regular_price": 21.48,
  "selling_price": 21.48,
  "price_per_unit": "€21.06/kg",
  "currency": "EUR",
  "breadcrumb": "Heimat > Katze > Katzenfutter > Nassfutter > SELECT GOLD Adult Pure Pute 12x85 g",
  "pdp_url": "https://www.fressnapf.at/p/select-gold-adult-pure-pute-12x85-g-1217026/",
  "variants": "{'variant': ['Rind', 'Wildschwein', 'Pferd', 'Huhn', 'Känguru', 'Gans']}",
  "product_description": "SELECT GOLD\nArt.Nr.: 1217026\nSELECT GOLD Pure Premium-Nassnahrung in praktischer Servierschale. Mit bis zu 72% einer tierischen Proteinquelle und dem bewussten Verzicht auf den Einsatz von pflanzlichen Kohlenhydratquellen  in Form von z.B. Getreide, Gemüse und Kartoffeln – ideal für die Ernährung sehr sensibler Katzen.\nDie Rezepturen der SELECT GOLD Pure Premium-Nassnahrung enthalten bis zu  72% einer ausgewählten tierischen Proteinquelle (z.B. Huhn oder Rind) und verzichten bewusst auf den Einsatz von Kohlenhydraten in Form von z.B. Getreide, Gemüse oder Kartoffeln, sodass sie für besonders ernährungssensible Katzen geeignet sind.\nDie Rezepturen sind zusätzlich abgestimmt auf die Ernährungsbedürfnisse ausgewachsener Katzen. Ohne Zusatz von Zucker, Soja, Konservierungsmitteln und Farbstoffen.\nIhre Vorteile im Überblick:\nPure = pures Fleisch und Innereien\nBei sensibler Verdauung & Futtermittelunverträglichkeit\nSehr gut verdaulich, wenige Zutaten\nOhne pflanzliche Kohlenhydrate, wie z.B. Getreide oder Kartoffel\nMit nur einer tierischen Proteinquelle (z.B. Rind)\nHoher Fleischanteil mit 72%\nQualität aus Deutschland\nMöchtest du mehr über die Produkte von SELECT GOLD für Katzen erfahren? Tauche\nhier\nin die Welt der Produktvielfalt von SELECT GOLD ein!\nAlleinfuttermittel für ausgewachsene Katzen, weitere Informationen erhalten Sie hier:\ninfo@fressnapf.com\nMehr Produktinfos\nInverkehrbringer\nMultiFit Tiernahrungs GmbH, Westpreußenstr. 32-38, 47809 Krefeld",
  "rating": 4.47,
  "review": 108,
  "distributor_address": "MultiFit Tiernahrungs GmbH, Westpreußenstr. 32-38, 47809 Krefeld",
  "ingredients": "Analytische Bestandteile Protein 11,5%, Fettgehalt 5,4%, Rohasche 2,3%, Rohfaser 0,3%, Calcium 0,26%, Phosphor 0,24% Zusammensetzung 72% Pute bestehend aus Fleisch, Herzen, Lebern, Mägen, Hälsen, 26,9% Trinkwasser, 1% Mineralstoffe, 0,1% Inulin Feuchtegehalt 78% Zusatzstoffe pro kg Ernährungsphysiologische Zusatzstoffe: Vitamin D3 200 IE, Vitamin E 20mg, Taurin 1500mg, Jod 0,75mg, Kupfer 1mg, Mangang 1,4mg, Zink 25mg Technologische Zusatzstoffe: Cassia Gum 2400 mg.",
  "instock": true,
  "retail_limit": "10x"
},
{
  "_id": {
    "$oid": "66bef411a9267700a3bd024d"
  },
  "unique_id": 1217025,
  "competitor_name": "fressnapf",
  "product_name": "SELECT GOLD Adult Pure Huhn 12x85 g",
  "brand": "SELECT GOLD",
  "regular_price": 21.48,
  "selling_price": 21.48,
  "price_per_unit": "€21.06/kg",
  "currency": "EUR",
  "breadcrumb": "Heimat > Katze > Katzenfutter > Nassfutter > SELECT GOLD Adult Pure Huhn 12x85 g",
  "pdp_url": "https://www.fressnapf.at/p/select-gold-adult-pure-huhn-12x85-g-1217025/",
  "variants": "{'variant': ['Gans', 'Känguru', 'Pferd', 'Rind', 'Pute', 'Wildschwein']}",
  "product_description": "SELECT GOLD\nArt.Nr.: 1217025\nSELECT GOLD Pure Premium-Nassnahrung in praktischer Servierschale. Mit bis zu 72% einer tierischen Proteinquelle und dem bewussten Verzicht auf den Einsatz von pflanzlichen Kohlenhydratquellen  in Form von z.B. Getreide, Gemüse und Kartoffeln – ideal für die Ernährung sehr sensibler Katzen.\nDie Rezepturen der SELECT GOLD Pure Premium-Nassnahrung enthalten bis zu  72% einer ausgewählten tierischen Proteinquelle (z.B. Huhn oder Rind) und verzichten bewusst auf den Einsatz von Kohlenhydraten in Form von z.B. Getreide, Gemüse oder Kartoffeln, sodass sie für besonders ernährungssensible Katzen geeignet sind.\nDie Rezepturen sind zusätzlich abgestimmt auf die Ernährungsbedürfnisse ausgewachsener Katzen. Ohne Zusatz von Zucker, Soja, Konservierungsmitteln und Farbstoffen.\nIhre Vorteile im Überblick:\nPure = pures Fleisch und Innereien\nBei sensibler Verdauung & Futtermittelunverträglichkeit\nSehr gut verdaulich, wenige Zutaten\nOhne pflanzliche Kohlenhydrate, wie z.B. Getreide oder Kartoffel\nMit nur einer tierischen Proteinquelle (z.B. Rind)\nHoher Fleischanteil mit 72%\nQualität aus Deutschland\nMöchtest du mehr über die Produkte von SELECT GOLD für Katzen erfahren? Tauche\nhier\nin die Welt der Produktvielfalt von SELECT GOLD ein!\n-\nMehr Produktinfos\nInverkehrbringer\nMultiFit Tiernahrungs GmbH, Westpreußenstr. 32-38, 47809 Krefeld",
  "rating": 4.47,
  "review": 108,
  "distributor_address": "MultiFit Tiernahrungs GmbH, Westpreußenstr. 32-38, 47809 Krefeld",
  "ingredients": "Analytische Bestandteile Protein 10,8%, Fettgehalt 5,2%, Rohasche 2,3%, Rohfaser 0,3%, Calcium 0,27%, Phosphor 0,25% Zusammensetzung 72% Huhn (bestehend aus 36% Hühnerfleisch, Innereien), 26,9% Hühnerfleischbrühe, 1% Mineralstoffe, 0,1% Inulin. Feuchtegehalt 80% Zusatzstoffe pro kg Ernährungsphysiologische Zusatzstoffe: Vitamin D3 200 IE, Vitamin E 20mg, Taurin 1500mg, Jod 0,75mg, Kupfer 1mg, Mangang 1,4mg, Zink 25mg Technologische Zusatzstoffe: Cassia Gum 2400 mg.",
  "instock": true,
  "retail_limit": "10x"
},
{
  "_id": {
    "$oid": "66bef411a9267700a3bd024e"
  },
  "unique_id": 1276182,
  "competitor_name": "fressnapf",
  "product_name": "MORE FOR Edelstahl-Schale Royal 2.2 l",
  "brand": "MORE",
  "regular_price": 23.99,
  "selling_price": 23.99,
  "currency": "EUR",
  "breadcrumb": "Heimat > Hund > Hundenäpfe & Tränken > Futternäpfe > MORE FOR Edelstahl-Schale Royal 2,2 l",
  "pdp_url": "https://www.fressnapf.at/p/more-for-edelstahl-schale-royal-22-l-1276182/",
  "product_description": "MORE\nArt.Nr.: 1276182\nElegante Edelstahl-Schale aus der Royal-Serie von More For.\nDas zeitlose und doch hochwertige Design der More For Edelstahl-Schale passt perfekt in jede Wohnumgebung.\nDurch den Anti-Rutsch Boden steht der Napf stabil und Ihr Liebling kann in Ruhe an seinem Platz fressen.\nDie rostfreie Edelstahl-Schale kann mühelos in der Spülmaschine gereinigt werden.\nFassungsvermögen\nDurchmesser\n350ml\n12,5cm\n700ml\n14cm\n1200ml\n17cm\n2200ml\n22cm\nInverkehrbringer\nMultiFit Tiernahrungs GmbH, Westpreußenstr. 32-38, 47809 Krefeld",
  "rating": 4.28,
  "review": 25,
  "distributor_address": "MultiFit Tiernahrungs GmbH, Westpreußenstr. 32-38, 47809 Krefeld",
  "instock": true,
  "retail_limit": "6x"
},
{
  "_id": {
    "$oid": "66bef411a9267700a3bd024f"
  },
  "unique_id": 1217027,
  "competitor_name": "fressnapf",
  "product_name": "SELECT GOLD Adult Pure Rind 12x85 g",
  "brand": "SELECT GOLD",
  "regular_price": 21.48,
  "selling_price": 21.48,
  "price_per_unit": "€21.06/kg",
  "currency": "EUR",
  "breadcrumb": "Heimat > Katze > Katzenfutter > Nassfutter > SELECT GOLD Adult Pure Rind 12x85 g",
  "pdp_url": "https://www.fressnapf.at/p/select-gold-adult-pure-rind-12x85-g-1217027/",
  "variants": "{'variant': ['Pute', 'Wildschwein', 'Pferd', 'Huhn', 'Känguru', 'Gans']}",
  "product_description": "SELECT GOLD\nArt.Nr.: 1217027\nSELECT GOLD Pure Premium-Nassnahrung in praktischer Servierschale. Mit bis zu 72% einer tierischen Proteinquelle und dem bewussten Verzicht auf den Einsatz von pflanzlichen Kohlenhydratquellen  in Form von z.B. Getreide, Gemüse und Kartoffeln – ideal für die Ernährung sehr sensibler Katzen.\nDie Rezepturen der SELECT GOLD Pure Premium-Nassnahrung enthalten bis zu  72% einer ausgewählten tierischen Proteinquelle (z.B. Huhn oder Rind) und verzichten bewusst auf den Einsatz von Kohlenhydraten in Form von z.B. Getreide, Gemüse oder Kartoffeln, sodass sie für besonders ernährungssensible Katzen geeignet sind.\nDie Rezepturen sind zusätzlich abgestimmt auf die Ernährungsbedürfnisse ausgewachsener Katzen. Ohne Zusatz von Zucker, Soja, Konservierungsmitteln und Farbstoffen.\nIhre Vorteile im Überblick:\nPure = pures Fleisch und Innereien\nBei sensibler Verdauung & Futtermittelunverträglichkeit\nSehr gut verdaulich, wenige Zutaten\nOhne pflanzliche Kohlenhydrate, wie z.B. Getreide oder Kartoffel\nMit nur einer tierischen Proteinquelle (z.B. Rind)\nHoher Fleischanteil mit 72%\nQualität aus Deutschland\nMöchtest du mehr über die Produkte von SELECT GOLD für Katzen erfahren? Tauche\nhier\nin die Welt der Produktvielfalt von SELECT GOLD ein!\nAlleinfuttermittel für ausgewachsene Katzen, weitere Informationen erhalten Sie hier:\ninfo@fressnapf.com\nMehr Produktinfos\nInverkehrbringer\nMultiFit Tiernahrungs GmbH, Westpreußenstr. 32-38, 47809 Krefeld",
  "rating": 4.47,
  "review": 108,
  "distributor_address": "MultiFit Tiernahrungs GmbH, Westpreußenstr. 32-38, 47809 Krefeld",
  "ingredients": "Analytische Bestandteile Protein 10,5%, Fettgehalt 8%, Rohasche 2,3%, Rohfaser 0,4%, Calcium 0,25%, Phosphor 0,22% Zusammensetzung 72% Rind bestehend aus Herzen, Fleisch, Lebern, Lungen, 26,9% Trinkwasser, 1% Mineralstoffe, 0,1% Inulin Feuchtegehalt 75% Zusatzstoffe pro kg Ernährungsphysiologische Zusatzstoffe: Vitamin D3 200 IE, Vitamin E 20mg, Taurin 1500mg, Jod 0,75mg, Kupfer 1mg, Mangang 1,4mg, Zink 25mg",
  "instock": true,
  "retail_limit": "10x"
},
{
  "_id": {
    "$oid": "66bef411a9267700a3bd0250"
  },
  "unique_id": 1081961,
  "competitor_name": "fressnapf",
  "product_name": "ROYAL CANIN Digestive Care 2 kg",
  "brand": "ROYAL CANIN",
  "regular_price": 25.49,
  "selling_price": 25.49,
  "price_per_unit": "€12.75/kg",
  "currency": "EUR",
  "breadcrumb": "Heimat > Katze > Katzenfutter > Trockenfutter > ROYAL CANIN Digestive Care 2 kg",
  "pdp_url": "https://www.fressnapf.at/p/royal-canin-digestive-care-2-kg-1081961/",
  "product_description": "ROYAL CANIN\nArt.Nr.: 1081961\nAlleinfuttermittel für ausgewachsene Katzen - Empfohlen bei empfindlicher Verdauung\nDie Ernährung Ihrer Katze spielt eine wichtige Rolle für ihre Gesundheit. Das ROYAL CANIN® Feline Care Nutrition-Sortiment umfasst speziell angepasste Nahrungen, die für häufige Empfindlichkeiten Ihrer Katze entwickelt wurden.Ein gesundes Verdauungssystem ist die Grundlage für ein gesundes Katzenleben. Ein sensibler Verdauungstrakt kann mit einer schlechten Stuhlqualität und weiteren Verdauungsproblemen einhergehen.ROYAL CANIN® Digestive Care ist eine vollständige und ausgewogene Rezeptur, die speziell zur Unterstützung einer gesunden Verdauung entwickelt wurde.Dank hochverdaulicher Proteine (L.I.P.) und einer Mischung aus Präbiotika und Ballaststoffen (einschließlich Psyllium) kann diese Rezeptur zu einer gesunden Stuhlqualität beitragen.Dieses Futter enthält außerdem einen ausgewogenen Anteil an Mineralien, um die Harnwegsgesundheit Ihrer ausgewachsenen Katze zu unterstützen.ROYAL CANIN® Digestive Care hat sich bewährt. Unsere Studie* zeigte, dass diese Nahrung den teilnehmenden Katzen in nur 10 Tagen zu über 95 % zu einer gesunden Stuhlqualität verhalf.ROYAL CANIN® Digestive Care ist auch in 2 verschiedenen Feuchttexturen erhältlich: Feine Stückchen in Soße und feine Stückchen in Gelee. Eine Mischung aus Feucht- und Trockennahrung und Trockennahrung sorgt für die Abwechslung, die Katzen lieben. Während Trockennahrung einen Zahnputz-Effekt hat und einfacher zu lagern ist, unterstützt der Feuchtigkeitsgehalt von Feuchtnahrung die Hydratation und die Harnwegsgesundheit. Alle ROYAL CANIN®-Produkte durchlaufen ein umfangreiches Qualitätskontrollverfahren, um die beste Qualität zu gewährleisten. Wenn Ihre Katze ROYAL CANIN® Digestive Care frisst, erhält sie eine vollständige und ausgewogene Ernährung. *Royal Canin interne Studie\nAlleinfuttermittel für Katzen mit empfindlicher Verdauung\nInverkehrbringer\nRoyal Canin Tiernahrung GmbH, Habsburgerring 2, 50674 Köln",
  "rating": 4.61,
  "review": 98,
  "distributor_address": "Royal Canin Tiernahrung GmbH, Habsburgerring 2, 50674 Köln",
  "ingredients": "Analytische Bestandteile Protein: 38,0% - Fettgehalt: 15,0% - Rohasche: 8,2% - Rohfaser: 3,3% Zusammensetzung Weizenkleber*, Geflügelprotein getrocknet, Weizenmehl, Reis, Tierfett, Maiskleber, Fisch getrocknet, hydrolysierte Tierproteine, Maismehl, pflanzliche Fasern, Mineralstoffe, Zichorienpülpe, Sojaöl, Fischöl, Psyllium (Schalen und Samen; 0,50%), Fructo-Oligosaccharide (0,47%), Hefe hydrolysiert (Quelle für Mannan-Oligosaccharide)*L.I.P.: Für ihre sehr hohe Verdaulichkeit ausgewählte Proteine. Feuchtegehalt 5.5% Zusatzstoffe pro kg Ernährungsphysiologische Zusatzstoffe: Vitamin A: 12500 IE, Vitamin D3: 700 IE, Eisen (3b103): 34 mg, Jod (3b201, 3b202): 3,4 mg, Kupfer (3b405, 3b406): 10 mg, Mangan (3b502, 3b504): 44 mg, Zink (3b603, 3b605, 3b606): 126 mg, Selen (3b801, 3b811, 3b812): 0,05 mg - Technologische Zusatzstoffe: Klinoptilolith sedimentären Ursprungs: 10 g - Antioxidantien.",
  "instock": true,
  "retail_limit": "10x"
},
{
  "_id": {
    "$oid": "66bef411a9267700a3bd0251"
  },
  "unique_id": 1296385,
  "competitor_name": "fressnapf",
  "product_name": "SELECT GOLD Adult Pure Känguru 12x85 g",
  "brand": "SELECT GOLD",
  "regular_price": 23.88,
  "selling_price": 23.88,
  "price_per_unit": "€23.41/kg",
  "currency": "EUR",
  "breadcrumb": "Heimat > Katze > Katzenfutter > Nassfutter > SELECT GOLD Adult Pure Känguru 12x85 g",
  "pdp_url": "https://www.fressnapf.at/p/select-gold-adult-pure-kaenguru-12x85-g-1296385/",
  "variants": "{'variant': ['Rind', 'Pferd', 'Gans', 'Huhn', 'Wildschwein', 'Pute']}",
  "product_description": "SELECT GOLD\nArt.Nr.: 1296385\nSELECT GOLD Pure Premium-Nassnahrung in praktischer Servierschale. Mit bis zu 72% einer tierischen Proteinquelle und dem bewussten Verzicht auf den Einsatz von pflanzlichen Kohlenhydratquellen  in Form von z.B. Getreide, Gemüse und Kartoffeln – ideal für die Ernährung sehr sensibler Katzen.\nDie Rezepturen der SELECT GOLD Pure Premium-Nassnahrung enthalten bis zu  72% einer ausgewählten tierischen Proteinquelle (z.B. Huhn oder Rind) und verzichten bewusst auf den Einsatz von Kohlenhydraten in Form von z.B. Getreide, Gemüse oder Kartoffeln, sodass sie für besonders ernährungssensible Katzen geeignet sind.\nDie Rezepturen sind zusätzlich abgestimmt auf die Ernährungsbedürfnisse ausgewachsener Katzen. Ohne Zusatz von Zucker, Soja, Konservierungsmitteln und Farbstoffen.\nIhre Vorteile im Überblick:\nPure = pures Fleisch und Innereien\nBei sensibler Verdauung & Futtermittelunverträglichkeit\nSehr gut verdaulich, wenige Zutaten\nOhne pflanzliche Kohlenhydrate, wie z.B. Getreide oder Kartoffel\nMit nur einer tierischen Proteinquelle (z.B. Rind)\nHoher Fleischanteil mit 72%\nQualität aus Deutschland\nMöchtest du mehr über die Produkte von SELECT GOLD für Katzen erfahren? Tauche\nhier\nin die Welt der Produktvielfalt von SELECT GOLD ein!\nAlleinfuttermittel für ausgewachsene Katzen, weitere Informationen erhalten Sie hier:\ninfo@fressnapf.com\nMehr Produktinfos\nInverkehrbringer\nMultiFit Tiernahrungs GmbH, Westpreußenstr. 32-38, 47809 Krefeld",
  "rating": 4.47,
  "review": 108,
  "distributor_address": "MultiFit Tiernahrungs GmbH, Westpreußenstr. 32-38, 47809 Krefeld",
  "ingredients": "Analytische Bestandteile Protein 11%, Fettgehalt 2,5%, Rohasche 2%, Rohfaser 0,4%, Feuchtigkeit 80%, Calcium 0,27%, Phosphor 0,24%. Zusammensetzung 72% Känguru (aus Fleisch und tierischen Nebenerzeugnissen), 26,9% Trinkwasser, 1% Mineralstoffe, 0,1% Inulin. Feuchtegehalt 80% Zusatzstoffe pro kg Ernährungsphysiologische Zusatzstoffe: Vitamin D3 200 IE, Taurin 1500mg, 3b202 (Jod) 0,75mg, 3b503 (Mangan) 1,4mg, 3b605 (Zink) 25mg.",
  "instock": true,
  "retail_limit": "10x"
},
{
  "_id": {
    "$oid": "66bef411a9267700a3bd0252"
  },
  "unique_id": 1050694,
  "competitor_name": "fressnapf",
  "product_name": "ROYAL CANIN Outdoor 7+ 10 kg",
  "brand": "ROYAL CANIN",
  "regular_price": 72.99,
  "selling_price": 72.99,
  "price_was": 72.99,
  "promotion_price": 65.69,
  "percentage_discount": 10,
  "promotion_description": "-10%",
  "price_per_unit": "€6.57/kg",
  "currency": "EUR",
  "breadcrumb": "Heimat > Katze > Katzenfutter > Trockenfutter > ROYAL CANIN Outdoor 7+ 10 kg",
  "pdp_url": "https://www.fressnapf.at/p/royal-canin-outdoor-7-10-kg-1050694/",
  "product_description": "ROYAL CANIN\nArt.Nr.: 1050694\nROYAL CANIN OUTDOOR 7+ Katzenfutter trocken für ältere Freigänger\nWarum ein besonderes Futter für aktive Freigänger ab 7 Jahren?\nWenn Ihre aktive, erwachsene Katze viel Zeit im Freien verbringt, ist es wichtig, sie mit einem Futter zu versorgen, das die notwendigen Nährstoffe zur Aufrechterhaltung einer optimalen Gesundheit enthält.\nROYAL CANIN Outdoor 7+ ist für aktive Katzen, die vorwiegend draußen leben, ab dem 7. Lebensjahr geeignet und enthält einen exklusiven Vitalitätskomplex, der Ihre Katze bei den ersten Anzeichen des Alterungsprozesses unterstützt.\nDieses Futter ist mit speziellen Nährstoffen angereichert, wie zum Beispiel Polyphenolen aus Grünem Tee, Vitamin C, EPA und DHA. Omega-3-Fettsäuren wie EPA und DHA unterstützen die Knochen- und Gelenkfunktion.\nFür eine erwachsene Katze, die vorwiegend draußen lebt, steht ausgiebige körperliche Bewegung wie Laufen, Springen und Klettern auf der Tagesordnung - ROYAL CANIN Outdoor 7+ hilft dabei, die Gesundheit der Gelenke Ihrer Katze zu erhalten.\nSowohl in städtischen als auch in ländlichen Gebieten zeigen sich Katzen, die vorwiegend draußen leben, von Natur aus neugierig und erkunden gern. ROYAL CANIN Outdoor 7+ enthält einen hohen Kaloriengehalt, um den hohen Energiebedarf von aktiven Katzen, die viel Zeit im Freien verbringen, abzudecken.\nROYAL CANIN Outdoor 7+ unterstützt außerdem die Nierenfunktion Ihrer Katze durch einen speziell angepassten Phosphorgehalt.\nDes Weiteren trägt ROYAL CANIN Outdoor 7+ mit speziell ausgewählten Nährstoffen zur Erhaltung der Harnwegsfunktion Ihrer erwachsenen Katze bei.\nROYAL CANIN Qualitätsversprechen\nAlle ROYAL CANIN Produkte durchlaufen eine umfassende Qualitätskontrolle, um eine optimale Futterqualität zu gewährleisten und den individuellen Ernährungsbedürfnissen sowie dem Lebensstil Ihrer Katze gerecht zu werden. Das bedeutet, mit ROYAL CANIN Outdoor 7+ bieten Sie Ihrer Katze eine hochwertige und ausgewogene Ernährung.\nAlleinfuttermittel für ältere Freigänger Weitere Informationen erhalten Sie hier: Mail:\ninfo.de@royalcanin.com\nWeb: www.royal-canin.de\nTel: +49 221 9370 60 600\nInverkehrbringer\nRoyal Canin Tiernahrung GmbH, Habsburgerring 2, 50674 Köln",
  "rating": 4.93,
  "review": 46,
  "distributor_address": "Royal Canin Tiernahrung GmbH, Habsburgerring 2, 50674 Köln",
  "ingredients": "Analytische Bestandteile Protein 28%, Fettgehalt 20%, Rohfaser 1,5%, Rohasche 5,8%, NFE 39,2% Zusammensetzung Maisfuttermehl, Geflügelprotein (getrocknet), Mais, Tierfett, Gerste, Maiskleberfutter, Pflanzenproteinisolat*, tierisches Protein (hydrolysiert), Rübentrockenschnitzel, Sojaöl, Fischöl, Hefen und deren Teile, Mineralstoffe, Hefehydrolysat (Quelle für Mannan-Oligosaccharide), Borretschöl, Hydrolysat aus Krustentieren (Quelle für Glukosamin), Tagetesblütenmehl (Quelle für Lutein), Hydrolysat aus Knorpel (Quelle für Chondroitin). *L.I.P.: Für ihre hohe Verdaulichkeit ausgewählte Proteine. Zusatzstoffe pro kg Ernährungsphysiologische Zusatzstoffe: Vitamin A: 32000 IE, Vitamin D3: 900 IE, Vitamin C: 230 IE, E1 (Eisen): 38 mg, E2 (Jod): 3,8 mg, E4 (Kupfer): 12 mg, E5 (Mangan): 50 mg, E6 (Zink): 149 mg, E8 (Selen): 0,07 mg - Sensorische Zusatzstoffe: Tee-Extrakt (Quelle für Polyphenole): 0,6 g - Konservierungsstoffe - Antioxidanzien.",
  "instock": true,
  "retail_limit": "10x"
},
{
  "_id": {
    "$oid": "66bef411a9267700a3bd0253"
  },
  "unique_id": 1003122013,
  "competitor_name": "fressnapf",
  "product_name": "ROYAL CANIN Sterilised 37 10 kg",
  "brand": "ROYAL CANIN",
  "regular_price": 69.99,
  "selling_price": 69.99,
  "price_was": 69.99,
  "promotion_price": 62.99,
  "percentage_discount": 10,
  "promotion_description": "-10%",
  "price_per_unit": "€6.30/kg",
  "currency": "EUR",
  "breadcrumb": "Heimat > Katze > Katzenfutter > Trockenfutter > ROYAL CANIN Sterilised 37 10 kg",
  "pdp_url": "https://www.fressnapf.at/p/royal-canin-sterilised-37-10-kg-1003122013/",
  "product_description": "ROYAL CANIN\nArt.Nr.: 1003122013\nROYAL CANIN STERILISED Trockenfutter für kastrierte Katzen\nWarum ein besonderes Futter für kastrierte, ausgewachsene Katzen?\nNach der Kastration verringert sich der Energiebedarf der Katze. Daher kann nach einer Kastration eine Umstellung der Ernährung erforderlich sein. So wird sichergestellt, dass die jeweilige Nahrung den veränderten Energiebedarf der Katze weiterhin deckt. ROYAL CANIN Sterilised 37 ist speziell auf die besonderen Bedürfnisse bei der Ernährung kastrierter, ausgewachsener Katzen abgestimmt. So wird die Erhaltung ihres Idealgewichts nach dem Eingriff optimal unterstützt.\nROYAL CANIN Sterilised 37 hilft der Katze dank eines moderaten Fettgehalts und angepasster täglicher Rationen, nach der Kastration ihr ideales Körpergewicht zu halten.\nROYAL CANIN Sterilised 37 hat zudem auch einen sorgfältig entwickelten, ausgewogenen Mineralstoffgehalt, der eine gesunde Harnwegsfunktion fördert. Gleichzeitig trägt der hohe Proteingehalt dazu bei, ihre Muskelmasse zu erhalten.\nMehr Abwechslung für kastrierte Katzen\nUm den individuellen Vorlieben verschiedener Katzen gerecht zu werden, ist ROYAL CANIN Sterilised 37 auch als Stückchen in Soße oder Gelee erhältlich. Wenn Sie eine gemischte Fütterung von Trocken- und Nassfutter in Betracht ziehen, befolgen Sie einfach die Richtlinien zur Fütterung. So stellen Sie sicher, dass Ihre Katze die richtige Menge an Nass- und Trockenfutter erhält.\nROYAL CANIN Qualitätsversprechen\nAlle ROYAL CANIN Produkte durchlaufen eine umfassende Qualitätskontrolle, um eine optimale Futterqualität zu gewährleisten und den individuellen Ernährungsbedürfnissen sowie dem Lebensstil Ihrer Katze gerecht zu werden. Das bedeutet, mit ROYAL CANIN Sterilised 37 bieten Sie Ihrer Katze eine hochwertige und ausgewogene Ernährung.\nAlleinfuttermittel für kastrierte Katzen Weitere Informationen erhalten Sie hier: Mail:\ninfo.de@royalcanin.com\nWeb: www.royal-canin.de\nTel: +49 221 9370 60 600\nInverkehrbringer\nRoyal Canin Tiernahrung GmbH, Habsburgerring 2, 50674 Köln",
  "rating": 4.73,
  "review": 230,
  "distributor_address": "Royal Canin Tiernahrung GmbH, Habsburgerring 2, 50674 Köln",
  "ingredients": "Analytische Bestandteile Protein 36%, Fettgehalt 12%, Rohfaser 5,3%, NFE 33,6% Zusammensetzung Mais, Pflanzenproteinisolat*, Geflügelprotein (getrocknet), Maisklebefutter, Lignozellulose, Tierfett, tierisches Protein (hydrolysiert), Weizen, Reis, Hefen nd deren Teile, Mineralstoffe, Rübentrockenschnitzel, Fischöl, Fructo-Oligosaccharide, Psyllium (Hüllschichten und Samen), Sojaöl, Hydrolysat aus Krustentieren (Quelle für Glukosamin), Tagesblütenmehl (Quelle für Lutein), Hydrolysat aus Knorpel (Quelle für Chondroitin). *L.I.P.: Für ihre sehr hohe Verdaulichkeit ausgewählte Proteine. Zusatzstoffe pro kg Ernährungsphysiologische Zusatzstoffe: Vitamin A: 1700 IE, Vitamin D3: 900 IE, Vitamin C: 180mg, E1 (Eisen): 35 mg, E2 (Jod): 3,5 mg, E4 (Kupfer): 11 mg, E5 (Mangan): 45 mg, E6 (Zink): 136 mg, E8 (Selen): 0,06 mg Technologische Zusatzstoffe: Klinoptilolith sedimentären Ursprungs: 10g - Sensorische Zusatzstoffe: Tee-Extrakt (Quelle für Polyphenole): 0,6g - Konservierungsstoffe - Antioxidanzien",
  "instock": true,
  "retail_limit": "10x"
}]